2422 4356
79 185 159 261 ¹04
242 184 557 269 susurratores.
610 132 928 265 X,54-ro5.
995 250 1002 271 ι

81 374 250 435 nuatum.
288 376 345 444 5⁴.
363 354 553 430 obscurus.
605 358 720 429 sicta.
742 372 780 429 et
799 354 929 445 codd,
951 352 1085 427 sediti·
1136 380 1146 427 t

83 477 146 555 get
163 461 238 529 hoc
254 456 361 531 verbi
381 459 644 550 sequentibus,
669 483 764 555 quaa
776 458 899 545 idem,
923 472 964 529 et
982 458 1085 553 longa
1139 484 1146 530 1

85 560 237 653 quidem
256 558 412 643 fortius,
440 562 629 647 indicant,
652 565 810 661 caligine
824 562 955 631 densus
967 560 1088 653 osmer:

85 670 206 756 Quare
239 660 406 731 adducor
438 677 482 731 ut
507 667 654 735 credatu
684 662 882 758 reliquisse
914 660 1088 733 Ovidium
1141 690 1146 735 t

85 765 295 848 absconsus,
332 785 426 853 quae
449 788 529 836 vox
552 766 594 836 in
617 782 721 836 tanta
749 788 769 835 a
795 781 834 835 et
862 785 887 833 o
918 778 958 833 et
980 748 1102 857 magis'
1140 794 1145 834 ε

86 868 199 936 ctiam
217 890 234 932 r
249 881 286 935 at
301 888 318 936 s
333 864 542 937 litterarum
568 866 837 952 similitudine,
863 864 910 935 de
928 886 1006 959 qua
1023 864 1103 935 vid·
1143 896 1145 939 ;

92 966 139 1039 ad
158 992 191 1055 3,
209 980 291 1061 393.
313 982 349 1034 et
371 982 406 1049 8,
420 973 513 1055 636,
540 992 701 1063 cumque
722 982 760 1040 et
780 992 806 1037 u
822 988 1094 1061 nonnunquam

89 1092 160 1163 pro
187 1091 211 1138 ο
235 1067 479 1163 perscriptum
506 1071 723 1140 inveniatur
751 1070 793 1139 in
821 1066 974 1161 codd,
998 1068 1121 1139 velut·

88 1171 187 1262 (uno
207 1169 379 1258 exemplo
401 1189 440 1239 ut
459 1170 660 1269 defungar)
684 1194 797 1265 supra
818 1178 853 1255 a,
870 1182 956 1255 283.
979 1182 1094 1241 tustos

88 1294 160 1365 pro
184 1288 304 1342 tostos
326 1271 465 1365 legitur
484 1274 524 1342 in
538 1280 599 1359 B„
621 1296 735 1367 quam
756 1268 866 1342 facile
880 1270 1120 1367 degenerare,

90 1373 257 1467 potuerit
277 1372 464 1464 primum,
491 1375 664 1469 neglecto
687 1374 790 1469 apice
813 1394 925 1466 supra
947 1394 992 1459 0,
1025 1394 1117 1467 quc·

75 1474 207 1567 'apice
221 1498 247 1547 n
275 1472 398 1547 littera
418 1476 693 1571 designaretur,
726 1475 770 1547 in
791 1474 994 1559 abscosus,
1019 1472 1109 1549 dein·

91 1599 207 1669 porro
221 1576 262 1644 in
274 1572 463 1664 abicorus,
488 1577 683 1663 obscorus,
699 1576 894 1660 obscurus,
918 1576 1097 1669 inaperta
1125 1617 1128 1624 -

93 1694 158 1749 est.
212 1676 447 1749 Absconsurn
481 1696 606 1751 autem
637 1678 773 1749 dixerit
801 1700 889 1748 eum
916 1676 1099 1747 tramitem

93 1796 295 1877 propterea,
321 1779 424 1873 quod
457 1778 672 1851 Inferorum
708 1779 769 1849 dei
798 1772 917 1849 redire
942 1778 1100 1861 nollent,

94 1879 310 1975 quicunque
332 1882 448 1953 semel
467 1879 570 1953 adse
590 1881 879 1957 descendissent.
922 1877 1101 1978 Virgilius
1126 1914 1134 1935 ο

91 1989 186 2057 Λευ.
205 1986 240 2063 6,
263 2005 353 2066 ¹²72
1140 2062 1143 2073 Ι

194 2089 336 2154 Nocta's
359 2099 472 2179 atque
491 2084 569 2157 dies
585 2102 687 2179 patet
710 2081 783 2154 atri
801 2080 914 2173 janua
931 2081 1064 2163 Ditis?
1105 2088 1108 2098 '
1131 2086 1143 2166 -Ξ

194 2188 265 2259 Sed
281 2210 452 2263 revocure
469 2191 632 2291 gradum
654 2208 868 2282 superasque
888 2184 1046 2257 evadere
1061 2182 1105 2257 at
1133 2252 1140 2261 .

317 2356 320 2361 .
373 2352 376 2359 .
661 2290 859 2375 accures,
1106 2278 1114 2299 ⁸

197 2392 279 2459 Hoc
298 2412 408 2473 opus,
435 2389 491 2461 hic
512 2390 616 2464 labor
636 2405 702 2463 cst.

247 2528 297 2543 -
321 2494 455 2561 Tenent
477 2495 597 2563 medic
617 2493 737 2565 omnia
753 2492 887 2574 silvae,

196 2591 423 2688 Cocytusque
446 2594 526 2664 sinu
551 2594 669 2666 lubens
690 2591 922 2665 circumvenit
940 2605 1038 2661 atro.

170 2694 344 2761 61.enim
355 2693 531 2763 siiterum
544 2712 761 2791 sequeretur
772 2716 843 2763 aru.
871 2688 1109 2784 65.psvidtrs.

175 2799 233 2883 ⁶⁹·
254 2794 396 2866 Olenus
415 2832 460 2849 ·-
473 2796 751 2894 confisefigura.
781 2792 1109 2881 70.Loth0eatua.
1130 2838 1137 2847 -

98 2894 303 2981 76.altu1n.
342 2920 578 2985 wodanem.
613 2924 673 2993 90·
687 2894 827 2966 Umbra
845 2895 934 2964 loco
948 2908 1110 2965 venerut.

95 3034 138 3050 -·
165 2995 286 3065 arbor.
326 3003 534 3071 Venustunr
554 3016 720 3085 verterat,
759 3020 836 3092 quo
860 2991 1031 3067 celeritas
1055 3016 1121 3087 apg

95 3097 380 3191 properantium
403 3099 579 3170 arborum
597 3100 805 3182 indicatur,
829 3102 1064 3191 (quanquam
1080 3110 1114 3165 et

96 3220 167 3291 pro
187 3202 292 3269 'verrit
307 3217 413 3271 ¹recte
432 3202 655 3295 accipietur,
691 3224 761 3295 qua
783 3197 829 3268 de
851 3223 890 3272 re
908 3198 1045 3279 monui
1069 3194 1113 3265 ad

100 3326 134 3380 2,
151 3303 259 3391 301);
281 3303 477 3377 venustius
496 3304 595 3376 inter
616 3320 673 3376 tot
690 3296 853 3397 perfecta
872 3298 1115 3401 resedimus·

97 3404 172 3485 vic,
199 3394 328 3498 abfuit.
383 3428 445 3493 91·
465 3404 686 3491 frondibus,
714 3421 756 3473 ut
770 3424 904 3473 omncs
919 3399 1028 3487 libri,
1048 3418 1117 3469 nec

16 3508 19 3513 “
98 3501 306 3595 quidquam
327 3506 553 3576 mutandum
572 3529 716 3581 censeo.
764 3520 823 3596 98.
843 3496 947 3573 ficus.

181 3627 262 3673 100.
279 3605 429 3677 amicae.
470 3615 608 3698 105.E.
626 3632 667 3678 ac
682 3607 784 3677 hom.
837 3608 909 3672 Pro
922 3602 994 3673 illo
1010 3604 1124 3691 (naut

71 3758 77 3765 .
98 3700 151 3770 ita
167 3709 207 3774 Β.
225 3710 392 3800 quoque)
414 3712 542 3779 malim
562 3714 650 3795 alto,
679 3707 782 3801 quod
801 3704 911 3800 pinui
925 3706 1134 3791 convenit,-

100 3826 283 3899 saepeque
307 3808 348 3875 iu
380 3811 440 3879 itta
466 3829 654 3888 mutatum
681 3808 758 3881 fuit
780 3806 997 3902 praesertim
1021 3804 1116 3897 (vid,

99 3910 229 3981 Burin.
244 3907 290 3979 ad
304 3932 339 4001 4,
354 3914 454 4009 560),
476 3910 772 3989 cunr‘autecedat
785 3909 866 3999 lrac,
886 3906 991 4009 quod
1005 3904 1117 3983 vitio·
1137 3932 1140 3939 ·
