2422 4356
202 258 206 267 .
262 160 648 275 Jffrurorarrours.
703 173 796 268 Vll,
831 200 923 271 512·
977 204 1010 235 ι·
1083 198 1132 275 7¹

107 371 241 461 colae)
268 370 467 444 vobiscum
490 382 595 441 eant:
632 388 757 441 tamen
787 372 871 466 (qui
889 396 1014 442 rerum
1036 396 1136 443 mea·

104 498 200 544 rum
221 488 350 561 status,
366 476 436 564 ast)
462 470 599 544 robora
619 475 714 543 mihi
731 498 812 545 non
830 473 984 559 desunt,
1009 491 1050 543 ut
1068 474 1130 544 cui
1197 526 1201 549 .

104 575 256 646 milites
279 574 412 645 eodem
435 573 551 646 modo
575 592 768 666 superent,
803 599 879 669 quo
907 576 1027 673 hpsti,
1054 576 1131 644 Mi-

103 681 214 749 noi.”
267 674 381 770 Quod
407 673 571 745 militem
593 675 666 748 sibi
693 674 976 768 superfuturum
1001 696 1128 748 tamen

103 776 209 848 dicit
222 782 387 862 Aeacus,
424 777 571 846 etiamsi
595 778 722 847 ornnis
748 802 813 849 sua
833 779 957 854 insula
983 778 1147 883 bellum⁸

102 895 305 973 sequatur,
345 903 389 949 eo
416 878 597 971 pertinet,
635 879 738 972 quod
769 880 969 975 Aeginetae
990 880 1123 974 priscis
1187 896 1190 905 “

99 981 186 1051 illis
212 978 448 1072 temporibus
464 998 764 1072 aequepotentes
784 982 878 1050 mari
892 976 996 1051 fuere
1010 1006 1125 1075 quant

101 1088 320 1165 Cretenses,
347 1105 421 1174 qua
441 1080 489 1157 ‹le
506 1105 547 1149 ro
566 1083 644 1151 vid.
660 1081 875 1152 Herodotus
896 1107 927 1172 5,
945 1100 1004 1169 ιιι,
1028 1081 1123 1170 ejus·

100 1208 177 1278 que
193 1182 434 1274 interpretes.
464 1198 506 1249 ut
526 1180 571 1250 de
589 1182 724 1252 Minoe
746 1202 857 1278 atque
871 1193 994 1259 Aeaco
1020 1185 1121 1255 idem

99 1283 179 1355 dici
194 1302 287 1356 tuno
304 1284 488 1376 potuerit.
513 1283 617 1378 quod
634 1281 735 1354 infra
754 1300 821 1372 14,
839 1307 927 1377 455.
939 1285 1120 1359 deAenea

102 1404 142 1459 et
158 1392 314 1459 Τιιιιιο·
692 1414 697 1433 =

101 1562 105 1567 ,
203 1496 329 1581 Auget
347 1504 503 1581 uterque
526 1510 612 1556 suas
634 1502 783 1558 exrema
807 1489 996 1577 robore*
959 1514 1067 1563 vires.

99 1587 431 1687 Quemadmodum
450 1589 567 1684 igitur
584 1594 651 1670 461
671 1612 746 1681 seq.
765 1593 950 1683 Anaphen
961 1609 1007 1676 et,
1022 1615 1118 1686 quae

97 1693 197 1765 aliae
211 1689 267 1759 ibi
285 1708 544 1785 recensentur,
570 1690 714 1761 insulas
731 1690 772 1761 in
790 1709 919 1784 partes
937 1716 1022 1763 suas
1046 1712 1117 1763 tra·

95 1795 199 1866 xisse
227 1789 364 1860 dicitur
387 1814 453 1863 rex
476 1790 730 1878 Cretensium,
764 1792 817 1861 ita
848 1793 1116 1889 Aeginetarum

100 1896 276 1976 Oliaron,
304 1892 581 1983 Didymasque,
609 1909 645 1963 et
668 1917 762 1985 quae
785 1911 970 1988 praeterea
989 1899 1115 1968 nomi·
1193 1954 1197 1959 .

99 2000 340 2084 nantur469.
358 2018 450 2081 470,
475 1993 549 2065 sibi
569 1992 800 2081 adjunxerit,
836 2014 1005 2089 utpotea
1029 2003 1114 2069 Cre·
1146 2024 1149 2032 ·

96 2097 272 2169 rensibus
293 2095 442 2167 alienas.
503 2095 713 2181 Sententia,
748 2113 791 2163 ut
815 2095 974 2188 opinor,
1009 2117 1112 2191 apta,

93 2197 212 2269 verba
238 2196 349 2267 fere'
340 2212 558 2269 immutata.
587 2221 676 2266 narn
701 2195 803 2290 quod
828 2196 888 2268 bis
912 2202 968 2290 (et
989 2220 1111 2294 poste
1167 2256 1183 2275 ⁴.

92 2298 197 2372 riore
213 2292 368 2399 quidem
380 2300 466 2368 loco
487 2323 534 2367 ex
547 2297 757 2367 Burmanni
771 2300 970 2385 sententia)
988 2318 1030 2371 ut
1040 2326 1113 2397 pro

91 2418 131 2474 et
148 2399 414 2495 reponendum
427 2398 535 2487 duxi,
561 2424 675 2513 quam
688 2401 773 2469 lene
788 2400 855 2485 sit,
882 2400 1111 2495 explicatum

91 2526 209 2596 supra
225 2519 281 2571 est
300 2501 347 2570 ad
366 2525 402 2590 4,
416 2524 484 2591 92·
473 2549 484 2582 ,
509 2501 672 2570 maxime
691 2525 781 2571 vero
802 2502 1110 2622 interpunctione
1142 2554 1146 2559 -

91 2604 248 2694 adjutus
269 2604 396 2689 locus,
421 2627 441 2673 a
466 2625 539 2696 qua
559 2603 649 2673 baec
671 2600 839 2671 laborare
861 2604 978 2674 sensit
997 2609 1111 2679 etiam

88 2704 328 2802 Naugerius,
356 2729 442 2774 cum
459 2703 632 2789 monuit,
659 2703 795 2774 melius
809 2702 967 2777 fortasse
985 2707 1038 2779 ita
1053 2708 1109 2779 di·

87 2807 193 2892 vidi,
220 2806 428 2877 secundum
449 2804 681 2889 Blanude'mr·

194 2907 342 2980 Dicite.
391 2923 428 2979 et
463 2905 594 2979 omnis
624 2923 682 2976 eat
720 2931 845 2977 rerum
883 2924 1001 2981 status
1036 2910 1110 2987 iste

661 3032 842 3079 mearum.

171 3135 256 3205 5·¹2
283 3111 390 3183 Nihil
422 3124 544 3183 mruat
574 3107 711 3192 codex,
759 3134 829 3180 nec
860 3122 988 3183 tamen
1014 3114 1106 3187 haee

86 3216 251 3289 omnino
271 3236 370 3283 sana.
422 3210 646 3310 Legendum
665 3227 784 3303 puto:

192 3321 306 3389 “imo
322 3311 394 3386 ita!
426 3316 533 3402 aad,''
555 3312 759 3407 (lophaim,
788 3320 959 3385 “crescat
976 3332 1040 3387 tua
1055 3317 1106 3387 oi·

656 3413 769 3486 vibus
788 3431 885 3510 opto

133 3554 156 3573 -·
189 3522 308 3604 near
333 3518 394 3589 ait.
430 3513 672 3588 “Adveniens
687 3532 755 3585 ete.

82 3624 122 3695 h.
138 3625 332 3694 e.:“1m0
349 3618 613 3692 volostcesse
633 3620 740 3705 (nam
763 3618 937 3691 vorantis
956 3637 1010 3693 est
1027 3627 1105 3695 Iuro

82 3730 163 3810 ira,
190 3738 235 3793 nt
252 3737 351 3794 recte
371 3737 504 3797 monet
518 3723 798 3835 Burmannus),
824 3722 914 3793 volo
933 3739 969 3792 te
987 3747 1106 3821 aeque
1174 3732 1199 3823 J

85 3850 129 3899 ac
147 3824 326 3897 Minoem
341 3822 486 3917 pollere
502 3817 635 3906 sociis,
658 3837 701 3889 ut
720 3835 755 3889 te
773 3820 968 3913 pollere
936 3847 1011 3907 ars3
1036 3826 1102 3896 sed

86 3942 181 4023 opto
205 3941 248 3997 ut
266 3940 305 3997 et
318 3922 411 4023 ipsis
425 3920 560 3999 risibus
578 3945 638 4001 res
659 3937 796 3993 crescat
812 3936 894 3997 tua:
919 3949 1009 3997 nam
1030 3927 1102 3995 lie-
