2438 4350
47 1360 122 1429 ’,ι

74 94 77 101 ’
166 53 255 203 6-6
300 116 617 183 auuorartonst.
673 100 771 194 Vll,
800 48 1088 217 242-291.’

170 270 515 373 sicutretustiores.
553 318 634 385 242.
649 302 726 369 Has
740 290 818 368 ubi.
844 296 1077 389 '243.ejecta.
1107 302 1185 389 246.

174 401 292 472 caroli.
310 399 454 485 mellis„
489 422 571 486 247.
588 400 798 494 Alteraque.
835 434 838 439 ¹

162 506 176 565 ’.
252 518 336 587 248.
358 501 463 571 lenit.
504 504 625 572 Pascit
643 518 740 572 recte
751 498 951 587 Heinsius,
975 525 1093 597 quem
1106 500 1190 574 vid'e

176 606 269 680 eth.
288 606 312 672 l
335 620 370 671 et
388 601 500 672 Trist.
516 626 550 690 4,
575 625 618 689 4,
635 608 694 691 64.
744 622 829 694 250
853 600 1027 673 fraudare
1044 596 1208 681 senilis?

177 714 260 781 262.
278 705 409 800 smert
430 721 466 773 et
483 703 650 775 infectas

256 813 339 878 262.
359 802 540 875 validum
577 805 660 898 (sed
691 823 887 879 notatum:
918 806 1044 877 olias·
1059 770 1190 891 calido.

176 910 280 1009 quod
307 933 392 998 279.
424 907 635 997 sublectum
664 907 830 998 videtur)
861 905 1040 1002 positum.
1106 914 1188 995 263.

179 1010 318 1087 Ferret.
353 1010 479 1079 Malui
497 1012 639 1093 Fovit,
666 1009 898 1105 quotiesque
916 1007 1085 1094 bonum,
1109 1010 1189 1081 imo

61 1184 64 1191 ,
177 1111 407 1211 elegantius,
433 1129 470 1182 et
489 1136 566 1207 qno
585 1107 1212 1203 2122122ὁμοιοτέλευτον(12ι226.

176 1216 307 1308 albet)
354 1219 437 1304 265.
455 1215 690 1307 Seminaque
700 1213 877 1287 etflores
918 1214 1002 1287 266.
1022 1212 1189 1285 Addidit.

179 1327 264 1403 268.
284 1316 591 1388 Adicit-Lune
612 1318 793 1389 deffnocte
831 1322 916 1406 271.
934 1312 988 1397 Ti
1011 1316 1097 1387 oin
1119 1318 1190 1387 ittic

176 1445 333 1495 erasum.
363 1428 470 1507 272.
489 1416 649 1509 Cinyfei.

190 1544 194 1557 ·
255 1527 338 1607 276.
358 1519 531 1603 mortali,
550 1520 1078 1616 utvulgoanteduumviros,
1097 1542 1189 1613 quoh

176 1651 263 1698 rum
279 1623 477 1718 Heinsius:
501 1629 678 1706 ‘'Forte‚”
698 1623 842 1718 inquit,
864 1623 1064 1715 “mortaria
1093 1628 1189 1695 Nam

179 1729 303 1824 glossa
320 1724 458 1796 codicis
469 1724 660 1794 Urbinatis
671 1736 683 1795 ι’
707 1728 873 1805 mortali,
900 1729 1024 1810 idest,
1050 1726 1188 1821 inmor-

178 1832 282 1899 tario.
311 1844 420 1921 atque
432 1826 688 1896 ita·Barthium
702 1827 743 1895 in
759 1826 989 1898 Adversariis
1002 1824 1072 1896 tib.
1084 1850 1104 1915 3
1115 1852 1145 1910 ι,
1157 1850 1187 1913 3.

178 1928 381 2016 coniecisse
394 1928 517 2000 video.
571 1932 761 2009 Hactenus
781 1945 905 2005 tamen
926 1945 1119 1999 auctorem
1130 1928 1187 1999 de·

79 2090 82 2095 ,
178 2031 322 2112 sidere,
364 2030 429 2125 qui
455 2048 614 2103 morture
639 2030 809 2099 dixerit.⁸'
879 2035 966 2100 Hoc
993 2027 1085 2102 satis
1113 2052 1188 2103 esse

177 2149 323 2227 poterat
339 2133 497 2203 Heinsio
518 2131 564 2201 ad
583 2128 828 2218 judicandum
844 2132 1064 2227 glossatoris
1082 2128 1188 2229 semi·

177 2232 324 2303 barbari
340 2252 377 2303 et
392 2231 511 2303 critici
527 2255 635 2324 saepe
655 2232 894 2303 dormitantis
914 2250 1183 2305 commentum.

177 2333 325 2405 Deinde
350 2333 430 2421 (id,
455 2333 556 2426 quod
575 2350 611 2402 et
630 2335 694 2403 2111
711 2333 1072 2429 animadverterunt)
1094 2342 1207 2431 aeno·

178 2436 240 2506 hio
265 2434 383 2503 utitur
394 2433 547 2520 Medea,
570 2458 649 2504 non
660 2437 841 2519 mortario
854 2454 874 2519 ‚'
890 2435 995 2530 quod
1014 2460 1034 2505 a
1051 2448 1137 2509 tota
1149 2456 1196 2507 ιο.

178 2536 359 2607 abhorret.
386 2532 442 2607 cf.
456 2558 490 2621 4,
505 2559 586 2629 505.
605 2539 717 2607 Recte
730 2536 1047 2632 Cantabrigiensis
1064 2555 1102 2609 et
1114 2554 1186 2629 tres

178 2637 244 2707 alii
262 2636 369 2708 libri:
398 2639 580 2708 anomalis.
613 2665 620 2671 ·
638 2634 1076 2712 Munus-reflorescentis
1094 2656 1187 2711 aeta·

175 2739 247 2824 tis,
271 2737 374 2831 quod
394 2739 491 2809 vela
513 2739 583 2811 deo
598 2755 744 2810 tantum
762 2739 890 2834 aliquo
906 2739 986 2809 dari
1004 2740 1117 2834 possit
1132 2740 1187 2815 vi·

176 2838 341 2926 deretur,
364 2839 459 2912 vela
476 2839 559 2913 viro
574 2842 721 2926 omnis,
747 2841 898 2937 quaein
914 2841 1112 2914 hominem
1131 2866 1186 2915 ca·

176 2940 231 3011 dit
242 2968 258 3026 ,·
279 2941 589 3037 doctrinaecopia
605 2942 896 3017 instructissimo
916 2940 1127 3037 proficisci,
1148 2942 1187 3015 i'd
1211 2960 1213 2965 '

174 3066 314 3113 munus
332 3059 369 3114 et
386 3045 583 3114 mortalem
604 3061 640 3113 et
658 3040 860 3130 feminam,
886 3066 1041 3140 eamque
1062 3043 1188 3117 barba·

174 3166 274 3228 ram,
298 3146 557 3237 proposuisse,
584 3169 736 3239 remque
750 3144 795 3217 ad
809 3144 952 3217 exitum
971 3148 1189 3238 perduxisse

175 3244 227 3313 ait
243 3244 486 3318 mirabundus
500 3252 612 3317 Naso.
654 3253 776 3342 Quam
792 3248 944 3342 quidem
961 3248 1188 3320 sententiam

175 3345 207 3415 si
232 3345 314 3437 quis
333 3351 395 3416 vel
418 3345 585 3441 ineptam
604 3349 665 3421 vel
682 3349 935 3444 inelegantem
953 3371 1035 3419 esse
1052 3351 1187 3444 proba·
1207 3366 1211 3377 '

171 3447 289 3531 verit,
315 3445 466 3517 herbam
489 3446 643 3529 daboet
665 3449 907 3541 interpretem
930 3458 1064 3544 sequar
1078 3452 1188 3523 Urbi·

170 3562 309 3615 natent.
355 3563 438 3631 280.
455 3547 620 3620 frondes.
666 3566 750 3633 282.
766 3548 920 3638 adjecit,
933 3573 1015 3643 ¹pro
1036 3549 1185 3643 abjecit.

97 3656 105 3675 “
173 3669 257 3736 29ι.
250 3669 560 3744 corporerugae.
590 3674 672 3742 293.
688 3659 778 3724 Post
792 3652 1058 3725 huncversum
1073 3654 1186 3725 ettam

167 3753 210 3818 B.
226 3746 296 3816 ista
313 3746 462 3868 inserit,
493 3776 589 3849 quae
611 3754 687 3845 jam
706 3752 979 3827 Constantinus
1002 3756 1185 3829 Fanensis

88 3884 107 3919 .·
167 3848 302 3927 merito
322 3847 467 3940 rejecit:
