2422 4356
230 202 554 351 ’777770777707777
604 218 978 340 Χ11,77·9’-“7’“64.
1013 218 1119 324 Δὶ767
1168 274 1179 337 ,’

96 474 106 496 ⁴
177 424 263 529 779.
287 443 507 519 Amasenus.
545 450 627 521 282.
646 434 839 533 anfigros.'
860 422 948 525 785.
963 452 998 506 et
1015 435 1122 508 creti·

91 542 152 617 cis
171 539 342 634 hispanis
361 542 480 611 niont.
509 562 593 627 302.
610 562 680 608 neo
696 539 823 632 pervia
837 536 995 609 flatibus
1012 554 1119 614 esset'.

92 643 323 740 Legendum
343 635 455 734 puto':
488 666 560 712 neo
574 641 717 736 par-via
734 637 883 713 flatibus
899 641 998 711 isset.
1050 641 1118 713 via

91 768 179 818 non
198 767 290 836 par,
325 744 387 816 vel
414 744 557 834 impar,
595 741 743 811 flatibus
773 760 870 811 recte
896 740 1033 812 dicitur
1062 766 1117 830 ea,

94 870 197 943 quae
232 843 282 914 ob
320 847 533 940 angustiam
563 844 861 913 transmittendis
900 868 981 915 non
1021 862 1117 916 esset
1176 912 1177 916 ,

92 947 224 1024 ventis
234 973 244 1028 ;
272 946 528 1040 ‘quamobrem
555 946 595 1017 hi
625 943 867 1015 tumefactum
893 946 1054 1016 humum
1074 947 1117 1018 in
1148 948 1174 1021 '.

95 1050 213 1121 collis
237 1049 396 1142 speciem
414 1073 571 1117 erexere.
622 1054 711 1117 Isset
730 1047 860 1131 malim
877 1071 991 1141 quam
1013 1047 1114 1136 esset,

95 1151 204 1248 quod
224 1168 359 1223 ventos
376 1151 514 1241 pariter
534 1171 576 1217 ac
589 1146 670 1220 vias
689 1151 738 1217 ire
754 1149 926 1220 dicimus.
981 1153 1115 1221 Peraia
1177 1184 1181 1201 ·

94 1250 272 1341 eonfiatis
291 1252 440 1341 duobus
456 1246 598 1337 verbis,
622 1252 737 1335 sicut,
753 1254 893 1345 pariter
904 1276 1013 1344 supra
1029 1276 1115 1340 777.
1202 1298 1205 1303 -

82 1352 186 1443 304.
201 1350 345 1426 vesicas
369 1392 410 1406 -
432 1352 605 1449 bicornis.
642 1374 724 1441 305.
743 1352 863 1444 capri,
894 1355 1113 1439 307.n0bis.

97 1474 217 1539 ¹recte:
264 1456 515 1550 Pythagorae,
552 1454 680 1547 quiin
712 1453 943 1547 longissimis
970 1455 1115 1526 itineri·

96 1558 178 1628 bus
189 1557 267 1627 suis
289 1558 408 1645 multa
431 1556 586 1629 vidisset
604 1556 865 1648 audiissetqne.
920 1558 1113 1652 Quaenam

88 1660 250 1756 ,cognita
272 1676 414 1743 esseut,
447 1683 540 1752 quae
564 1657 718 1741 minus,
734 1655 989 1743 auditoribus,
1017 1660 1121 1731 scire

93 1763 186 1847 yix,
214 1762 251 1830 et
275 1760 324 1831 ne
340 1759 405 1831 vix
422 1759 785 1853 quidem‚‘poterat.·
827 1763 876 1829 Et
890 1759 1041 1853 gravius
1056 1761 1111 1843 sic
1148 1800 1153 1817 ·

92 1862 391 1949 ratesdoctor:
438 1857 485 1932 cf.
522 1885 632 1953 supra
668 1868 736 1944 68,
776 1883 866 1948 744,
902 1886 992 1950 774,
1024 1879 1108 1950 738.

98 1990 167 2053 377
186 1987 290 2059 sequ.
343 1967 455 2034 Recte
473 1968 566 2033 Tan.
588 1962 714 2047 Faber,
741 1987 854 2055 quem
870 1963 957 2056 vide
977 1964 1021 2034 de
1036 1967 1111 2037 hoo

80 2062 183 2161 'loco
207 2065 325 2158 Epist.
359 2072 469 2155 7,-69.
512 2087 595 2155 374.
613 2064 716 2159 qnod
731 2063 849 2141 tactis.
903 2066 1111 2136 Putidere·

96 2168 262 2262 petitum
279 2189 502 2260 pronomen.
555 2173 675 2261 Lege:
703 2167 893 2251 contactis,
918 2164 1053 2237 sicutc
1073 2185 1110 2238 et
1159 2158 1162 2165 ’

100 2294 152 2365 qu
170 2292 253 2339 non
277 2293 360 2338 raro
382 2265 539 2339 confusa
562 2266 900 2359 deprehenduntur.
955 2267 1036 2339 Vid
1062 2268 1111 2338 ad
1175 2338 1178 2345 ,

103 2376 192 2485 364.
233 2392 318 2461 375.
336 2370 527 2440 nostrisa.
550 2370 672 2453 horis,
707 2372 741 2438 h.
768 2394 799 2438 e.
831 2369 927 2443 oris:
961 2368 1038 2442 vid
1060 2370 1109 2461 ad

101 2496 118 2544 2
123 2466 238 2563 ,775.
273 2494 354 2561 377.
373 2473 590 2561 minimest.
617 2494 699 2556 377.
713 2470 860 2541 levavit.
891 2494 974 2561 374.
989 2473 1108 2567 aquis.

100 2600 182 2665 331.
202 2579 294 2644 Non
319 2573 434 2645 aliter.
475 2597 554 2660 337
581 2573 747 2645 lacusA.
771 2573 949 2675 phemon.

170 2701 256 2766 340.
269 2684 397 2748 Aetna.
431 2699 515 2764 344.
528 2693 788 2769 quotiensque.
819 2675 1109 2765 348.Materiem

85 2786 180 2873 749.
197 2778 481 2873 ’7711777777777777
508 2801 566 2866 ,35
579 2803 608 2848 7.
630 2782 833 2869 linteaque.
885 2801 966 2869 354.
991 2778 1109 2849 deerit
1127 2802 1134 2867 ᾗ

94 2882 305 2966 nutrimen,
332 2897 375 2948 ut
391 2877 539 2969 Ciofani
550 2878 660 2962 -liber,
685 2879 787 2972 qnod
803 2878 1009 2975 elegantius
1025 2881 1117 2949 vul·-

92 3003 183 3081 gato
221 2999 258 3052 et
286 2982 421 3053 lenius.
467 3004 547 3071 359.
575 2983 742 3060 venenis.
791 2985 873 3067 362.
900 2979 1104 3074 fluidoque.

91 3094 180 3175 363.
211 3082 417 3152 tabescunt
463 3090 546 3171 364
577 3083 752 3153 dilectos.-
807 3087 913 3153 Unus
940 3082 1108 3154 Heinsii:

87 3190 218 3287 inque
251 3185 425 3259 delectos.
490 3176 637 3256 Plures:
681 3184 816 3253 dilecto
852 3184 914 3255 vel
950 3184 1107 3255 delecto.

81 3290 210 3386 Leg.:
234 3292 353 3402 Inque
366 3289 450 3357 loco
466 3288 574 3367 lecto.
612 3285 796 3379 Virgilius
809 3291 941 3381 Georg.
960 3310 994 3373 4,
1010 3308 1092 3377 ²95·
1083 3335 1107 3372 .,

82 3394 161 3465 ubi
188 3389 325 3460 hanc
315 3404 435 3481 ipsam
462 3412 541 3458 rem
562 3405 711 3457 tractat:

196 3490 370 3586 Exiguus
387 3489 554 3584 primum
580 3506 691 3584 atque
710 3487 813 3580 ipsos
833 3503 1044 3583 eontractus
1063 3484 1112 3558 ud

663 3602 766 3661 usus.

126 3704 129 3709 ’
185 3692 362 3791 »Eligitur
385 3694 495 3764 locus.
544 3702 547 3709 '
588 3696 592 3707 “
1011 3746 1016 3755 ,

80 3795 323 3892 scripserint
355 3791 454 3863 forte
487 3794 573 3866 colo
598 3816 668 3888 pro
700 3792 787 3865 loco
816 3793 929 3884 (sicut
952 3817 1008 3882 73,
1028 3816 1111 3879 747.

80 3892 554 4005 77771771777770777111117777,
586 3919 643 3987 14,
664 3918 724 3988 95.
746 3899 917 3968 remissas
939 3921 1008 3990 pro
1027 3896 1113 3966 resi·

299 4178 307 4191 r
370 4188 382 4217 ,Ι
442 4202 454 4231 Ι

423 4248 430 4267 Ι
