2422 4356
99 218 175 299 ros
245 206 564 289 suuorairours.
609 205 670 298 X,
695 208 954 305 ιςιὲ-ιςί.

57 484 60 489 ,
94 404 173 475 sius
184 410 476 477 etBurmunnus.
507 404 645 495 Verum
660 398 699 471 id
714 399 830 473 modo
844 403 1010 501 legimus
1022 424 1095 491 ιιι,

61 562 65 583 .
93 531 216 600 neque
234 504 516 575 obtmdendum
534 503 652 603 igitur
669 505 812 573 est‘hoc
825 506 913 576 loco
931 506 1097 599 scriptori

46 696 49 703 Ι
92 607 252 677 minime
272 606 519 701 ineloquenti.
561 629 644 698 291.
660 611 702 678 Β.
723 629 894 701 quoque:
918 606 1042 677 Verba
1057 642 1097 661 -

31 730 37 745 ¹
92 710 190 807 agit,
217 725 254 778 et
269 706 512 801 praecedente
527 730 638 781 versu
654 706 901 799 plenissima*
927 707 1000 779 Sed
1017 714 1098 777 Bur·

37 804 41 811 ’
91 833 274 881 mannusa
301 816 519 904 “Quaenam
536 832 627 885 vero
638 816 668 891 ,”
692 808 835 902 inquit,
863 808 1099 887 ιἰἰιιιιυινιιιι

92 909 324 1009 plenissimo?
345 911 441 980 mihi
457 928 552 981 certe
565 935 645 981 non
660 910 868 982 intellecta:
896 933 1012 1004 quare
1026 933 1108 981 non·

4 1044 14 1109 ᾗ
92 1010 266 1105 displicet
288 1010 412 1083 unius.
476 1011 673 1082 Heinsiani
696 1012 877 1105 scripture
899 1014 1100 1109 plenissimo

4 1146 7 1155 ·
91 1131 203 1231 voto..
245 1114 359 1184 Plena
382 1129 596 1201 votasunt,
621 1109 1002 1184 utfroaturetcoeat
1021 1136 1100 1183 cum

89 1212 255 1311 imagine
289 1214 354 1284 illa
389 1208 574 1302 eburnea,
621 1212 697 1304 jam
723 1211 866 1287 femina
892 1211 1005 1287 facta.
1051 1214 1100 1289 sic

88 1316 158 1388 lib
176 1342 209 1389 ι
236 1323 310 1386 Art.
331 1322 473 1403 671:

141 1416 334 1515 Quantum
350 1415 511 1489 defuerit
526 1394 641 1511 pleno¹
657 1434 745 1511 post
762 1417 891 1489 oscula
907 1424 1009 1489 voto
1018 1424 1101 1489 etu'⁸

89 1519 381 1593 Attendisset
346 1546 405 1590 ιιι
429 1521 597 1612 optimus
629 1518 676 1589 ad
704 1519 815 1590 verba
845 1518 1021 1613 proxime
1052 1542 1101 1599 se,-
1136 1560 1139 1589 ι

91 1622 255 1717 quentia,
279 1620 405 1715 quibus
419 1623 550 1693 Veneri
566 1637 695 1719 grates
712 1640 817 1718 agot,
844 1619 1013 1741 alienum
1027 1642 1101 1691 esse
1128 1620 1139 1663 ·¹'

90 1742 177 1795 voto
196 1720 463 1807 intellexisset,
493 1722 581 1817 quia
606 1720 730 1793 verbis
753 1720 913 1804 scilicet,
939 1746 1025 1792 non
1041 1740 1101 1794 ro·
1124 1718 1139 1749 '¹

90 1825 160 1911 tis,
187 1840 223 1893 et
244 1824 451 1922 gratias
406 1822 552 1894 atrinms
572 1840 608 1894 et
626 1823 831 1972 loquimur.
881 1822 1102 1920 Legendum
1135 1814 1139 1823 ’

91 1927 173 1999 sine
198 1922 333 1995 dubio:
1104 1958 1108 1965 ·

189 2030 289 2094 Tum
306 2049 394 2098 vero
412 2025 626 2121 Paphiuspl
627 2025 802 2097 anissima
815 2022 984 2119 concipit
996 2025 1103 2097 heros
1126 2024 1131 2037 ’

189 2127 327 2212 Verba,
354 2126 492 2222 quibus
506 2129 640 2200 Veneri
660 2146 781 2224 grates
802 2143 897 2223 agat.
967 2136 974 2147 '
1109 2120 1112 2125 ’

88 2225 339 2303 Subcbscuris
360 2228 505 2318 verbis,
539 2249 583 2300 ut
604 2230 810 2325 imaginem
831 2228 910 2301 vita
932 2226 1103 2314 donaret,
1128 2256 1133 2271 ·

89 2334 198 2402 deam
213 2347 411 2426 rogaverat
421 2332 646 2431 Pygmalion
663 2354 775 2425 supra
790 2350 863 2418 2¹14
877 2351 1005 2439 seqq.
1030 2330 1105 2446 pla·
1089 2364 1115 2385 ν

88 2431 257 2505 nissimis
292 2428 391 2533 jam,
433 2450 583 2526 accepto
617 2432 762 2516 dono,
788 2424 925 2530 gratias
944 2429 986 2498 ei
1018 2428 1104 2527 agit.

89 2538 179 2605 Non
199 2555 280 2601 raro
300 2546 424 2602 autem
444 2551 519 2635 aet
539 2558 559 2603 e
582 2536 644 2606 vel
661 2558 703 2603 ae
720 2532 821 2602 inter
840 2556 880 2603 se
901 2530 1104 2625 permutari

90 2636 179 2707 satis
213 2652 350 2702 notum
383 2651 457 2706 cst.
503 2637 611 2709 velut
635 2634 733 2729 apud
758 2634 975 2706 Ciceronem
1000 2632 1101 2703 Iacl.¹

90 2762 167 2830 cap.
188 2759 242 2824 19.
268 2733 427 2828 legitur,
468 2736 565 2809 vitio
595 2735 803 2808 contrarioz
852 2738 975 2803 “Non
1000 2734 1104 2805 'enim

88 2838 339 2907 amicitiarum
363 2858 441 2907 esse
465 2838 620 2927 debent,
658 2837 755 2909 sicut
782 2835 941 2905 aliarum
968 2859 1103 2921 rerum,

89 2941 288 3011 satietates.
340 2941 544 3012 Veterrima
560 2964 745 3036 quaeque,
773 2953 869 3008 utea
885 2936 987 3024 vina,
1010 2960 1102 3033 quae

88 3056 314 3114 vetustatem
339 3035 488 3129 ferunt,
513 3067 592 3115 esse
615 3040 752 3112 debent
774 3038 1017 3119 suauissima3
1043 3064 1103 3112 ve·

73 3166 250 3239 ⁸rumque
267 3166 280 3208 1
269 3138 364 3211 llud
379 3160 462 3231 est,
491 3142 593 3239 quod
611 3142 768 3228 dicitur,
795 3138 938 3211 multos
953 3140 1126 3211 modios'

93 3245 181 3318 salis
199 3242 314 3314 simul
331 3200 497 3318 edendos
513 3269 610 3331 esse,
627 3263 672 3313 ut
689 3242 872 3315 amicitiae
888 3231 1043 3313 nru'nus
1047 3266 1138 3311 ex·-

90 3348 237 3439 pletum
257 3344 324 3433 sit;
356 3347 461 3440 quasi
486 3347 614 3419 omnia
637 3363 760 3418 vetera
784 3340 949 3434 jucunda
971 3358 1101 3427 essent,

91 3471 178 3515 cum
211 3444 354 3515 dederit
386 3448 487 3517 haud
516 3448 630 3518 dubie
664 3447 847 3519 Tullius:
879 3445 1103 3517 Veterrinme

88 3571 258 3640 quaeque
276 3548 515 3641 (amrcrtrae),
543 3568 637 3621 ute.
652 3575 708 3636 ιι,
736 3542 889 3643 (μᾶ,
912 3530 1000 3617 eud
1024 3568 1100 3637 sua·

86 3648 277 3721 vissimae.
334 3674 415 3740 293.
437 3652 600 3731 lumina
634 3676 687 3722 s1c
706 3666 748 3718 ut
765 3648 904 3744 vulgo
940 3663 978 3717 et
997 3662 1100 3719 recte

24 3780 29 3784 ·
87 3748 336 3843 Intelligendi
363 3772 488 3823 autem
515 3753 618 3825 oculi
642 3750 814 3821 amantis.
871 3752 956 3839 2296
977 3746 1136 3873 Corui·

89 3852 161 3922 bus
176 3851 352 3943 implevit
371 3879 463 3927 nov.
482 3862 564 3948 296.
585 3853 719 3925 Editus
741 3855 820 3924 hac
872 3821 1113 3947 SequorMigi

64 3994 68 4013 ·
88 3953 245 4046 cyllum.
283 3956 399 4133 Paphi
415 3957 539 4032 filium
556 3957 724 4050 Cinyran
738 3953 876 4051 diserte
893 3950 1022 4023 tradit
1028 3950 1101 4043 HJJ

1062 4126 1139 4233 §Ji-if}
