2422 4356
101 232 106 243 '
209 176 581 307 ἰιιιιοιιιιοιιι
632 220 731 315 XV·
759 226 826 320 69.
899 184 902 189 Ι
961 212 1051 314 ιιι

28 422 160 509 ³deus,
193 421 310 509 unde
307 422 451 506 nives,
452 428 581 513 quae
606 414 779 489 fnhhinis
808 432 903 486 esset
932 400 1054 508 origo.

40 500 370 599 Sicontnesiibri.
424 520 505 591 'sed
515 526 586 617 qui
605 520 817 603 credamus,
832 517 883 585 iu
906 511 1057 586 enume-

40 625 175 701 randis
195 623 455 740 philosophiae
477 622 743 718 Pythagoricae
761 619 925 712 partibus
942 615 1058 687 silen-

40 728 104 797 tio
131 727 371 840 'praeteritum
397 724 443 793 ab
471 723 609 795 Ovidio
640 746 718 794 esse
743 720 872 793 locum
895 722 969 793 late
974 740 1060 813 pa·

42 844 213 912 tentem,
250 844 285 895 et
309 827 351 895 in
376 849 453 920 quo
479 824 701 919 explicando
720 826 862 894 multus
884 839 980 894 essct
998 825 1061 889 Sa·
1083 860 1088 873 ι
1112 858 1114 869 ›

44 931 173 1012 mins,
197 925 391 1015 ethicum?
414 932 448 997 Ν
454 950 517 997 um
537 925 617 997 fieri
639 942 781 1019 potest,
806 925 872 1019 qui
891 922 1059 1010 de'nive,
1160 956 1163 960 ·

45 1029 235 1114 fulmine,
267 1028 410 1110 ventis,
443 1046 559 1113 terra,
587 1027 769 1115 sideribus
792 1045 828 1097 et
851 1029 986 1123 quovis
1006 1054 1062 1100 re-

34 1130 210 1204 'condito
240 1130 356 1214 dicat,
390 1131 424 1198 is
453 1146 495 1197 ut
520 1153 571 1199 ne
586 1127 705 1200 verbo
726 1128 879 1222 quidem
898 1146 1063 1203 comme·-

45 1249 177 1304 moret
199 1232 412 1311 hominem,
438 1230 745 1324 praestantiorem
770 1231 852 1302 istis
873 1234 1064 1324 omnibus,
1150 1241 1155 1250 '

12 1334 252 1426 :huultoque
281 1328 499 1402 difficilioris
533 1332 719 1424 explicatu
747 1332 930 1404 naturae?
971 1341 1070 1409 Cave
1097 1415 1100 1423 ,

53 1450 182 1550 putes,
222 1421 363 1527 nequ'e
358 1433 428 1502 sic
461 1433 637 1503 Noster
627 1455 669 1502 ιιι
698 1435 900 1504 enarranda
929 1438 1065 1508 mundi
1119 1493 1123 1499 .

55 1536 246 1639 creatione
271 1533 370 1603 libro
398 1534 521 1627 primo
547 1532 659 1625 hujps
686 1536 825 1628 operis,
861 1536 925 1605 sed
945 1539 1068 1609 norni-

41 1622 160 1709 iretis
184 1654 332 1705 tanturn
355 1634 410 1704 ibi
440 1635 482 1726 (ι
490 1660 522 1706 a.
543 1674 592 1691 ·-
615 1636 698 1729 75.)
731 1636 860 1707 ceteris
889 1641 986 1708 coeli
1018 1658 1067 1726 et,

53 1760 155 1832 quae
204 1738 399 1820 dicuntur,
460 1740 736 1808 elementorum
781 1738 1068 1840 habitatoribus,

54 1839 172 1912 astris
190 1842 237 1907 a'c
249 1837 358 1921 deis,
384 1838 569 1931 piscibus,
593 1837 682 1910 feris
706 1829 931 1936 avibusque:
998 1886 1001 1891 ,
1051 1864 1054 1871 ·

133 1940 335 2012 Sanctius
358 1941 531 2036 (inquit)
564 1941 622 2014 his
654 1943 830 2028 animal-,-
860 1942 1074 2039 mentisque
1176 1980 1179 1989 ·

220 2074 223 2081 ·
612 2044 797 2134 capacius
822 2045 937 2130 altae,
1104 2105 1111 2125 ,
1184 2112 1191 2137 Ι

117 2148 304 2215 Deerat
330 2143 469 2231 adhuc,
508 2158 544 2214 et
566 2142 669 2239 quod
690 2143 910 2214 dominari
900 2169 940 2215 ιιι
956 2162 1077 2217 cetera·

197 2318 202 2329 ,
269 2274 272 2281 ·
635 2252 784 2339 posset:
859 2274 870 2287 ··
1179 2252 1182 2260 “

157 2354 290 2422 'Natus
315 2348 421 2420 homo
447 2367 502 2421 est
520 2368 587 2420 etc.

11 2521 18 2534 Ι
63 2450 127 2525 Ἁιι
147 2476 227 2549 eam
251 2448 384 2521 faciem
405 2452 578 2523 hoc-loto
595 2450 854 2544 reponendum
874 2449 954 2541 ajo:
980 2452 1077 2549 Quid
1146 2514 1149 2521 ,

64 2558 175 2634 deus,
203 2556 295 2623 unde
316 2553 537 2638 homines,·
566 2554 602 2625 h.
616 2576 666 2624 e:
707 2556 798 2650 quid
819 2556 928 2643 deus,
949 2558 982 2622 ‘a
1002 2574 1083 2649 quo

64 2655 245 2734 homines
261 2657 352 2734 creti
367 2672 466 2727 sunt.
519 2655 647 2726 Cicero
665 2661 722 2725 De
740 2662 823 2726 Nat.
836 2657 940 2725 deor.
957 2679 988 2740 1,
1003 2679 1016 2726 ι
1030 2668 1057 2725 ι.
1070 2679 1081 2725 ι

66 2758 324 2853 Pythagoras,
363 2757 428 2851 qui
455 2759 617 2840 censuit,
650 2760 789 2846 (detrih)
811 2759 979 2826 animum
1002 2778 1082 2826 esse

68 2883 139 2953 per
169 2875 342 2927 naturam
375 2882 500 2927 rerum
530 2881 681 2935 omnem
704 2878 894 2929 intentum
921 2876 957 2926 et
979 2880 1083 2927 com·
1128 2906 1136 2933 .,

48 2975 281 3059 meantem,
323 2983 370 3029 em
393 2982 464 3053 quo
486 2963 598 3029 nostri
620 2963 729 3029 ouinn'
758 2975 1004 3052 carperentur,
1046 2974 1103 3032 et.
1185 2986 1190 2997 ¹

59 3069 171 3159 'quae
193 3077 411 3154 sequuntur.
470 3065 606 3131 Noster
628 3060 692 3130 ubi
713 3086 844 3163 supra:

179 3166 299 3231 Natus
316 3161 422 3231 homo
439 3179 506 3246 est,
524 3165 598 3232 sive
614 3160 705 3232 hunc
724 3158 846 3234 diuino
860 3154 1089 3259 seminefrcit

182 3258 381 3360 llleopifeae
396 3288 532 3346 rerum,
558 3263 692 3332 mundi
711 3264 880 3334 melioris
898 3265 1087 3358 origoeto.

75 3363 150 3438 Sed
162 3386 346 3458 quaenam
360 3364 468 3434 istius
486 3389 591 3434 causa
608 3361 912 3456 depravationis?
939 3380 1094 3458 quaerat
1122 3452 1126 3457 Ι

59 3466 278 3562 ¹quispiam.
331 3466 537 3536 Audiamus
551 3468 586 3544 J.
599 3471 636 3534 F.
648 3467 884 3537 Gronovium
905 3467 950 3536 ad
967 3471 1094 3536 Senec.

78 3574 191 3640 Herc.
218 3571 296 3642 Oet.
320 3584 445 3653 ιι8ι.,
479 3566 542 3637 ubi
568 3569 629 3634 vir
651 3566 691 3637 in
707 3570 957 3664 ,hoo‘·genere
977 3569 1094 3662 longe

81 3669 428 3740 exercitatissimus:
455 3668 769 3755 “Credibiloest,’'
794 3670 930 3764 inquit,
955 3668 1098 3759 “fuisse

81 3772 123 3842 in
142 3771 211 3840 illo
234 3771 381 3869 (codice
398 3770 559 3863 Lipsii),
586 3770 687 3862 quod
709 3773 750 3841 in
776 3768 984 3862 Herbipsset
1005 3775 1099 3842 Ven.

81 3880 165 3946 Nos
193 3872 478 3943 in'Florentino
501 3870 685 3957 vidimus:
715 3877 885 3967 potuisset
902 3872 997 3939 mihi.
1050 3872 1104 3937 Ut

83 3980 216 4077 autem!
236 3974 278 4046 in
301 3974 413 4054 Livio
440 3981 716 4065 Puteanoruni,
738 3977 791 4045 ιιι
815 3973 999 4049 Pandecte
1018 3971 1104 4043 Flo·
1129 4014 1146 4035 ·.
