2422 4356
205 157 210 168 ⁶
245 132 595 299 inserar-rores.
628 176 722 271 Vll,
762 150 1015 281 ιιι-ιιι.
1082 187 1134 280 69

108 390 197 445 ιιιιιι
216 378 302 447 Hac
323 371 472 461 denuo}
501 373 642 468 ipsius,
669 389 712 443 ut
734 371 951 463 videbatur,
984 364 1133 471 senten·
1192 466 1195 471 .

106 475 186 546 tiae
204 495 315 559 causa
333 479 398 549 in
394 480 492 548 Hinc
506 476 714 546 mutaretur
734 498 753 544 a
774 493 992 559 correctore.
1026 482 1132 548 Certe
1165 464 1186 529 „¹

106 578 258 677 optime
279 580 370 652 haec
390 580 608 662 cobserent,
643 578 677 653 si
700 577 754 648 sio
780 562 902 673 legas:
1199 566 1206 577 ⁸

153 716 208 735 -
218 680 409 776 Sanguine
421 698 598 756 naturum
611 666 1000 777 perfunditurimpius
1015 678 1128 771 ensis,
1187 676 1192 685 ’

164 782 377 881 Ultaque
397 804 437 854 se
457 783 556 851 male
573 799 701 851 mater
698 781 849 852 Ιιιιοιιιι
866 775 1010 875 effugit
1014 805 1132 870 arma,

140 934 143 941 -
214 890 310 972 Ac,
311 883 514 955 Titaniauis
532 882 652 952 ablata
673 881 918 970 draconibus,
945 882 1061 953 intrat

212 984 397 1057 Palladias
421 1000 604 1054 arcetetc.
669 1036 675 1049 ι
1110 994 1114 1007 ·

104 1082 237 1174 Simili
261 1085 371 1178 lapsu
396 1085 494 1179 apud
517 1084 724 1175 Phaedrum
747 1082 820 1154 fab.
836 1108 869 1173 3,
895 1107 952 1173 ιι,
970 1099 1002 1168 8.
1025 1082 1126 1155 forta

104 1182 305 1257 exaratum
331 1194 385 1257 At
413 1212 478 1282 cue
501 1186 755 1285 lrergane'pro
779 1191 952 1282 Arlquae
975 1193 1124 1286 Ergone
1171 1246 1175 1261 .

103 1289 328 1371 Mehercule
358 1288 456 1358 illud
488 1298 759 1382 portentosum!
785 1290 825 1359 in
863 1314 930 1359 ore
960 1287 1125 1363 feminae
1173 1314 1175 1319 ’

104 1387 248 1473 nobis,
279 1389 322 1458 ni
344 1387 479 1482 fallor,
515 1389 679 1484 peperit,
705 1390 820 1475 sicut,
845 1390 1123 1461 dehmalead·
1175 1418 1182 1447 ι

90 1489 189 1567 ‚dito
207 1491 358 1571 utnilril
377 1490 530 1574 addam,
557 1516 577 1560 a
600 1515 752 1586 quoque
769 1509 806 1561 et
823 1516 870 1578 ιι,
898 1516 923 1560 c.
938 1512 963 1588 g
979 1508 1016 1562 et
1032 1517 1076 1587 q,
1096 1490 1122 1560 d
1146 1496 1154 1515 ¹

105 1606 145 1661 et
165 1608 185 1661 t
208 1591 355 1674 litterae
381 1595 620 1666 miscentur..
661 1593 866 1670 Notissima
887 1616 978 1666 vero
999 1592 1122 1668 Pallas
1200 1614 1203 1627 ’

102 1698 266 1811 ippum,
292 1719 418 1788 quam
447 1711 572 1781 tamen
596 1696 725 1765 nescio
753 1697 838 1789 quis
859 1712 1051 1792 stupor
1012 1695 1135 1767 iona«
1182 1755 1184 1758 ,

102 1794 253 1895 tanain
271 1797 470 1866 Herculem
489 1793 823 1882 transformaverit.
900 1826 901 1831 ¹

183 1920 270 1989 399.
298 1894 504 1984 justissime
531 1897 687 1969 Phineu.
743 1899 806 1971 Sit
828 1899 919 1969 item
948 1921 1027 1970 uno
1049 1920 1121 1969 ore

108 1997 237 2087 codd„
264 2000 376 2069 male.
427 1999 649 2095 Legendum
669 2020 749 2070 esse
769 2000 976 2088 justissima
996 1995 1120 2085 Phini,

105 2100 166 2174 vel
184 2052 311 2172 Phene
327 2099 407 2188 (sed
421 2100 702 2195 illudvulgntae
713 2100 916 2195 scripturae
927 2101 1120 2188 similius),

101 2199 182 2293 jam
199 2201 265 2272 alii
281 2201 486 2274 viderunt.
498 2200 554 2272 Cf
564 2201 761 2277 Mrrncker.
772 2204 816 2272 ad
829 2201 1042 2275 fabularum
1060 2223 1119 2287 ιο,
1181 2215 1191 2241 “

103 2326 167 2392 ιι,
187 2324 247 2385 ιι
269 2296 510 2399 argumenta,
538 2320 593 2387 et,
621 2328 733 2398 quent
755 2305 902 2392 laudat,
934 2304 1122 2375 Antonin,

100 2405 267 2483 Liberat.
286 2408 440 2476 Metam.
459 2411 585 2500 cap..6
619 2430 704 2492 4ιιι.
718 2406 998 2502 Adnaxamque.
1033 2421 1119 2497 404

88 2506 281 2605 'parentis
317 2530 407 2597 4ιο
421 2512 507 2592 Est,
532 2506 1023 2603 incommodarepetitione‚
1045 2529 1142 2603 qua¹

101 2611 218 2682 stium
236 2608 417 2681 Hernsrus
433 2605 703 2682 offendebatur
734 2610 1011 2683 Revocanda
1001 2626 1119 2706 rgrtur
1155 2662 1158 2674 .

99 2713 258 2809 vulgata
290 2726 376 2781 ante
410 2704 627 2782 Ciufanum
647 2711 761 2784 lectio
785 2709 859 2787 Et
859 2713 921 2799 via
948 2710 1117 2783 declivis

100 2818 275 2885 Ceterum
289 2812 389 2884 nibil
403 2811 647 2883 mutandum:
668 2836 757 2886 nant
774 2813 878 2910 quod
892 2816 1033 2884 locum
1037 2835 1120 2885 non

100 2915 284 3009 expressit
306 2920 463 3000 Noster,
495 2912 597 2995 unde
625 2915 824 2991 Cerberum
849 2915 1030 2987 Hercules
1056 2913 1118 2982 ab·
1153 3004 1157 3009 ⁵

99 3014 294 3104 arraserit,
327 3014 507 3086 modom
530 3014 722 3095 similibus
735 3016 785 3086 id
796 3015 903 3100 facit,
936 3006 1041 3089 velut
1060 3040 1117 3101 ιο,

105 3138 174 3207 133
207 3116 325 3189 modo
349 3138 431 3187 non
450 3111 563 3204 facit,
596 3119 704 3189 velut
724 3119 796 3189 hoc
816 3120 902 3193 loco
921 3133 957 3187 et
977 3139 1012 3208 4,
1025 3140 1114 3204 4.32

99 3240 189 3308 414..
203 3218 340 3314 pariter
354 3217 495 3304 ternis,
521 3218 618 3289 sicut
632 3219 765 3314 vulgo,
789 3220 853 3292 sed
871 3213 1116 3321 κακοφώγωςι

99 3344 215 3416 quare
241 3315 376 3419 malim
394 3322 515 3413 trinis,
555 3343 650 3413 quae
672 3321 784 3394 verba
805 3319 1115 3399 confunduntur:
1139 3350 1142 3355 ¹

97 3421 206 3496 vid.
194 3439 357 3516 interpp.
374 3420 585 3538 adrem.³
629 3429 714 3510 416.
732 3441 872 3502 nactas
920 3448 1015 3512 417.
1025 3430 1116 3495 Foe-

97 3521 293 3621 nandique
319 3522 403 3613 (sed
425 3547 552 3596 rasum
573 3522 615 3594 in
638 3526 675 3594 dt
698 3516 859 3622 syllaba)
890 3520 976 3597 soli.
1028 3531 1116 3605 Seu·

96 3623 217 3709 tentia
241 3625 322 3721 ipsa
347 3623 450 3695 duca·
464 3622 669 3720 legandum
683 3640 778 3720 puto
797 3627 1116 3722 Fuecnndumqt're

97 3726 240 3799 solum.
295 3746 379 3816 425
404 3727 574 3798 laetetur
631 3733 716 3815 426
741 3744 866 3799 tamen
898 3747 953 3800 est
984 3730 1116 3826 geniti.

99 3849 186 3917 432.
202 3840 375 3899 necnon
400 3842 455 3914 et,
481 3827 901 3929 sieutubiquelegitttr.
955 3832 1027 3908 Sed
1052 3855 1115 3922 ap·
1202 3916 1205 3921 Ι

96 3936 227 4025 purat,
264 3925 459 4056 sequentia
489 3930 682 4025 usquead
713 3955 798 4025 450.
828 3932 897 4003 ista
925 3931 1006 4026 ipsa
1033 3954 1113 4004 esse
