2422 4356
164 164 217 239 ‘lb
523 163 548 217 J.
569 164 601 214 a.
624 164 817 221 orlavu·

179 337 271 390 lemen
288 330 440 402 infelicium
459 338 486 385 et
503 331 681 401 miserorum,
707 331 755 404 qni
774 343 1030 406 sperantremper,
1053 324 1164 389 melino¹
1193 398 1195 403 ⁴

83 438 85 442 “
177 422 310 484 summm.
328 449 395 483 rara.
415 441 486 498 quae
507 425 637 496 apaucis
656 425 765 481 colitur.
801 432 923 486 fidelitas
950 435 1004 486 alba
1024 435 1087 486 stola
1108 448 1151 484 ve·

179 522 242 579 rtitr
261 532 301 577 est
318 521 353 576 ad
366 524 430 590 ejus
453 520 600 591 puritatem
626 520 841 593 significandam.
888 528 976 583 Velarc'
999 535 1040 578 est
1062 525 1167 594 indui,

176 615 425 697 uelamenlhabitua
451 612 540 669 vastis·
576 613 651 686 Virg.
668 616 732 668 len.
750 629 774 683 1,
791 627 868 682 292.t
903 624 969 675 Oeno
983 621 1067 676 Fides
1081 620 1151 697 (rid.

176 714 218 770 iti
236 715 327 784 Serv.)
361 726 404 770 22.
423 719 537 769 comitem
559 717 671 783 abnegat.
691 728 728 765 ao.
748 729 776 764 sc
790 711 857 781 tibi3
884 730 937 767 nec
950 722 1097 773 recusatte
1110 731 1152 770 co.

176 807 278 878 mitari,
299 806 551 879 quomodocunque
567 814 594 858 te
612 820 700 877 geras,
725 813 753 858 et
774 823 807 859 ex
824 806 946 860 secunda
964 806 1013 861 fias
1026 809 1151 876 adversa,

102 912 108 927 ·
179 905 258 957 cultu
274 903 347 955 laeto
364 909 467 955 mutato
486 899 515 953 in
533 899 688 971 lugubrem.
725 900 796 954 Cum
810 899 930 968 deseris,
957 912 1027 973 quos
1044 901 1150 979 fovisti:

176 998 231 1052 viri
249 1007 340 1057 tamen
358 995 425 1049 boni
445 1012 491 1049 eos
511 1011 569 1048 non
591 995 729 1048 deserunt.
919 1058 921 1065 ἲ

181 1078 184 1084 ί
207 1120 211 1125 -
229 1100 273 1158 25.
291 1088 421 1145 Homines
439 1079 530 1157 infidi,
556 1087 604 1159 qui
622 1087 799 1161 emolumenti
813 1097 919 1151 tantum
940 1107 988 1161 spe
1004 1089 1151 1146 amicitiam

178 1183 341 1250 coluerunt,
372 1181 502 1235 deserunt
529 1181 657 1252 afflictos,
692 1183 739 1255 qui
764 1183 840 1238 bona
863 1185 1021 1239 amiserunt.
1068 1193 1152 1246 Donec

175 1272 226 1335 eris
235 1281 310 1346 felix
334 1285 384 1332 etc.
429 1281 480 1333 26.
493 1281 571 1337 Cadus
594 1286 633 1329 cst
657 1294 705 1331 vas
733 1276 884 1346 vinarium,
915 1277 1012 1333 decem
1040 1280 1152 1352 congios

122 1423 126 1432 ,
177 1377 338 1442 continens,
365 1373 480 1446 congius
508 1390 554 1427 sex
574 1372 649 1444 capit
666 1375 805 1428 sextarios.
840 1385 883 1436 28.
901 1374 1051 1428 Dolosiin
1066 1377 1153 1440 laren,

177 1471 216 1527 da
232 1468 338 1543 pariter
356 1486 419 1524 cum
435 1467 528 1522 amicis
546 1468 662 1521 adversa
679 1466 790 1522 fortuna
807 1479 834 1522 et
854 1469 1018 1529 calamitate.
1063 1471 1088 1525 ls
1107 1489 1152 1526 aa·

179 1575 235 1621 tam
257 1574 297 1619 est
321 1564 449 1648 dolosus,
476 1561 524 1635 qui
544 1580 572 1615 se
592 1560 700 1616 simulat
720 1563 855 1642 amicum,
881 1580 944 1622 cum
966 1582 1011 1618 res
1035 1568 1152 1640 alicujus

170 1659 295 1730 ‘fiorentb
320 1658 421 1713 deserit
443 1662 534 1710 autem
554 1674 633 1726 eum,
653 1673 716 1710 cum
733 1654 761 1708 in
777 1657 960 1714 calamitatem
975 1658 1083 1714 incidit.

169 1756 172 1769 ²
230 1769 275 1829 29.
292 1749 501 1826 Expeditionem
522 1748 688 1804 moliebatur
705 1747 735 1803 in
747 1750 918 1806 Britanniam
929 1755 993 1826 post
1007 1754 1152 1813 victoriam

181 1846 321 1907 Actiacam
338 1847 490 1916 Augustus3
516 1844 565 1898 sed
585 1842 699 1897 Arimini
721 1843 747 1898 ei
766 1844 841 1899 obvii
860 1846 973 1903 luerunt
997 1852 1081 1924 legati
1094 1855 1152 1909 Bri·

161 1954 330 2026 'tnnnsrum
348 1940 381 1994 de
399 1956 478 2012 pace.
514 1937 609 2012 ltaque
625 1937 654 1993 in
670 1939 751 2013 fidem
769 1958 815 1994 eos
829 1944 950 2015 recepit,
968 1955 1034 2000 teste
1049 1947 1150 2004 Dione.

232 2062 275 2118 3ο.
293 2055 426 2119 juvenum.
448 2044 573 2100 militum.
610 2056 652 2110 31·
671 2051 785 2105 Examen
797 2060 848 2104 etc.
888 2051 1048 2125 Exercitus,
1073 2060 1152 2117 laiac

178 2150 237 2208 rive
259 2145 367 2205 Orienti
385 2155 412 2199 et
429 2143 499 2197 mari
516 2141 612 2197 Indico
632 2142 777 2199 timendus.
819 2157 862 2212 33·
874 2141 971 2216 'tauro
997 2169 1152 2214 commento

182 2247 268 2318 cruq.
288 2241 388 2298 edidit:
423 2242 481 2295 Hert
501 2243 664 2306 cicatricum,
693 2255 756 2292 cum
781 2242 840 2297 Heu
858 2238 1098 2306 cicot'inveniesst
1122 2253 1152 2308 in

179 2339 235 2395 suis
254 2336 349 2406 coddl,
374 2344 405 2388 ut
423 2333 504 2387 etiam
521 2330 588 2386 alibi
606 2331 722 2406 legitur:
746 2350 809 2387 nam
827 2337 901 2408 quod
922 2337 1011 2411 ipsum
1028 2349 1090 2412 Heu
1111 2367 1154 2404 ex.

178 2441 242 2507 tare
259 2432 289 2482 in
306 2430 359 2481 illis
380 2427 460 2496 dicit,
487 2439 622 2499 nugatur,
649 2429 698 2482 sed
719 2427 811 2483 ruenti
832 2433 924 2495 versui
949 2435 987 2491 sic
1010 2438 1070 2511 ipse
1095 2464 1154 2503 suc.

182 2523 327 2590 currebat,
353 2539 415 2575 cum
434 2521 609 2575 scribendum
625 2532 693 2576 esset
710 2527 768 2580 Heu
780 2527 849 2594 beu.)
891 2525 966 2600 Quid
988 2549 1038 2588 nos
1059 2537 1153 2599 ferreo

182 2619 237 2676 hoc
255 2618 348 2672 ceculo
372 2615 431 2669 ausi
458 2632 514 2669 non
532 2633 637 2684 sumus,
666 2627 692 2670 et
713 2614 742 2669 in
769 2636 818 2672 nos
847 2620 1002 2680 admisimus
1028 2641 1055 2684 et
1078 2637 1154 2704 passi

183 2711 300 2778 sumus?
336 2722 377 2779 35.
396 2716 498 2782 nefasti.
517 2712 630 2766 scelesti.
666 2711 724 2768 Nec
742 2715 827 2789 sacris
847 2735 900 2772 nec
913 2721 1038 2791 profanis
1054 2746 1154 2802 peper-

185 2814 282 2870 cimus.
317 2815 359 2874 36.
378 2815 449 2866 umte.
475 2826 492 2861 a
510 2807 617 2879 quibus·
651 2818 695 2872 <38-
725 2808 833 2864 Utinam
852 2814 957 2884 gladios
980 2819 1055 2877 bello
1079 2827 1154 2884 civiti

183 2907 324 2963 hebetatos
342 2904 473 2977 retinges,
499 2913 530 2991 ιιιὶ
545 2902 594 2956 illo
613 2913 723 2958 utamur
741 2906 870 2960 adversus
888 2909 1066 2986 Massagetas.

235 3026 278 3082 39.
296 3018 438 3084 ffiffingeee
451 3011 556 3066 serrum
572 3020 611 3067 est
627 3009 656 3064 ia
667 2991 771 3069 novam
782 3014 900 3071 formam
911 3012 1059 3096 recudere,
1076 3028 1155 3086 arnis·

179 3127 211 3170 sa
227 3109 331 3182 priore.
350 3111 508 3177 1291463
535 3124 626 3178 111111ο

290 3220 293 3224 ’
353 3234 483 3302 Diffinget
499 3228 685 3302 infectumque
701 3228 799 3286 reddet
817 3230 871 3289 stc.-

182 3354 211 3410 h.
230 3369 254 3407 e.
271 3347 432 3406 immutabit.
790 3346 795 3352 ’
893 3406 896 3410 1

234 3460 286 3516 Od.
307 3476 331 3528 1,
351 3463 393 3528 36,
413 3472 437 3517 1.
455 3463 555 3528 ficitas.
576 3457 751 3528 carminibus,
770 3446 863 3515 centn
906 3476 932 3539 2.
959 3466 1046 3526 lettre.
1071 3485 1156 3544 quem

180 3551 252 3608 rori.
287 3571 313 3625 4.
332 3561 461 3631 Hesperia.
479 3554 620 3627 Hispania.
635 3552 756 3623 (rediens
770 3553 1081 3633 exbello'Cantabrico,
1101 3584 1158 3637 per

181 3643 400 3721 quinquennium
417 3660 492 3723 gesto
508 3650 543 3704 ab
559 3668 634 3705 anno
650 3644 684 3705 U.
706 3651 736 3705 C.
753 3656 805 3720 726
812 3664 826 3720 ,¹
843 3651 900 3708 aive
923 3667 988 3711 ante
1009 3658 1076 3714 Chr.
1099 3675 1155 3733 24,

179 3737 215 3792 de
231 3756 286 3814 quo
300 3741 375 3797 bello
390 3744 453 3799 vide
470 3743 544 3800 Suet.
565 3745 661 3801 Octav.
683 3760 727 3816 21,
748 3739 821 3802 Μῦν.
834 3760 861 3818 4,
877 3758 915 3811 12·
926 3734 990 3819 etc.)
1036 3760 1062 3814 6.
1085 3757 1156 3816 div'r

21 3863 29 3899 e
62 3852 64 3857 ·
170 3826 223 3893 dit·
243 3833 341 3907 'Cf.1‚
362 3847 402 3919 15,
425 3850 464 3908 15.
499 3834 525 3905 ’8.
542 3839 728 3915 Menecrate
742 3844 794 3900 sub
807 3845 905 3904 eodem
914 3851 1045 3925 magistro
1061 3854 1155 3928 pueri
