2422 4356
70 152 77 167 1
116 206 195 293 160
263 204 577 287 annotationis.
628 200 721 295 XV,
744 154 1004 317 athaes.
1050 242 1055 251 ·

17 442 20 447 -
111 393 249 467 monui
276 394 323 493 ari
351 418 387 483 3,
411 418 483 487 99,
513 409 557 465 ut
577 384 717 467 miruin
738 420 823 470 non
838 366 902 477 'nsit
931 373 1035 492 optio
1059 418 1115 493 pra

111 528 210 598 amia
228 523 400 594 habitum
420 520 539 595 fuisse
562 521 758 595 u'librar'io
775 524 907 623 aliquo
932 525 1117 601 oscitante.

114 627 339 724 236.nigra.
843 640 857 737 Ἰ
917 704 920 709 ,

122 834 125 839 ¹
192 771 275 837 239.
306 764 484 841 tempora.
535 750 617 835 246.
649 746 809 819 rarescit.
842 738 1126 834 ¹247.'robore.'

114 868 200 940 249.
227 856 311 929 Jam
346 867 444 921 retro
474 848 657 931 redeunt„
692 873 775 939 250.
806 848 999 923 densatus.
1045 862 1117 941 258.

19 1016 21 1021 ,
115 944 311 1036 constant,
348 967 391 1020 ut
413 950 553 1045 vulgo,
576 968 703 1024 contra
726 969 892 1023 mentem
920 950 1118 1046 scriptoria

115 1060 199 1151 264.
219 1078 239 1123 a
262 1053 409 1145 templa.
465 1059 695 1140 271.Locus
717 1053 896 1140 vitiosus,
914 1077 1002 1151 ¹nec
1024 1046 1120 1149 quid·

113 1179 227 1252 quam
251 1151 383 1243 juvant
407 1151 536 1239 codd„
568 1178 732 1248 quorum
755 1154 933 1226 Sixianus
956 1176 1119 1229 concussa

110 1280 183 1355 pro
203 1271 280 1325 tam
298 1258 423 1327 zanua.
449 1320 451 1325 .
476 1253 654 1345 Heinsius
679 1281 747 1351 pro
767 1256 899 1333 eodem
919 1256 1117 1353 legendum

113 1354 341 1445 conjectavit
381 1359 571 1440 convulsa,
613 1358 676 1430 vel
719 1375 883 1443 mutata,
921 1359 988 1430 vel
1016 1359 1119 1431 etiam

25 1476 28 1486 '
97 1462 296 1531 cumulata
303 1488 319 1540 ,·
346 1464 582 1529 Burmannus
597 1458 703 1537 haud·
713 1459 867 1531 nolebat
881 1484 997 1555 quam
1012 1462 1120 1533 :truta

111 1585 178 1655 per
198 1560 545 1655 interrogationem.
596 1560 703 1631 Nihil
721 1562 856 1632 horum
876 1561 969 1639 sa'tis
990 1554 1125 1657 placet,¹
1156 1621 1159 1639 .

110 1686 233 1759 neque
251 1662 383 1731 dubito
401 1662 496 1755 quin
510 1660 564 1731 sic
586 1664 714 1756 potius
738 1662 926 1757 scripserit
943 1648 1119 1739 Ovitiiuez
1157 1672 1159 1692 ²

211 1788 317 1880 Eque
339 1782 520 1877 paludosi
543 1781 649 1855 siccis
671 1783 810 1853 humus
834 1798 913 1853 aret
929 1784 1077 1868 arenis;

214 1891 391 1983 Quaeque
419 1884 523 1961 sitim
557 1886 739 1970 tulerant,
777 1878 948 1982 stagnata
976 1886 1124 1986 pqludb.

677 1987 745 2057 bus
767 1986 945 2060 hument:
1094 2070 1098 2077 ,

212 2089 288 2163 Hic
309 2085 434 2161 fontes
453 2094 595 2177 Natura
615 2112 738 2171 novos
760 2090 903 2176 emisit,
925 2106 970 2185 ..at
991 2090 1076 2163 illio
1114 2092 1119 2110 '

208 2194 398 2265 Clauserat
413 2196 593 2288 antiquas.
650 2186 742 2281 Tam
756 2192 876 2262 multa
889 2192 1120 2267 tremoribus

671 2291 775 2366 orbis
859 2348 873 2363 .,
1119 2372 1123 2383 ,

150 2394 153 2401 ’
211 2394 387 2469 Flumina
406 2394 622 2489 prosiliunt,
647 2414 711 2467 aut
729 2412 923 2469 excaecata
935 2396 1125 2471 residunt..

108 2526 192 2603 Jam
213 2534 311 2590 recte
329 2513 474 2611 antiqui
495 2515 622 2590 fontes
645 2534 891 2614 opponuntur
911 2520 1031 2616 novis
1058 2514 1118 2612 (cf.

111 2650 145 2705 e.
165 2626 291 2712 4η),
318 2643 417 2721 quos
434 2624 574 2709 Nature
593 2623 760 2692 emittere
776 2620 968 2691 interdum
984 2620 1119 2692 dicitur

107 2724 149 2795 in
170 2724 264 2794 locis
287 2720 414 2807 siccis,
448 2739 650 2818 postquam
672 2723 846 2819 clauserit
872 2720 1063 2819 antiquos,
1079 2722 1117 2795 in

106 2824 365 2918 tractualiquo
373 2824 821 2917 paludososcaturientee,
846 2841 884 2895 et
896 2848 1016 2920 aquas
1032 2824 1116 2897 inde

106 2926 201 2997 illuc
225 2925 458 2998 derivaverit.
510 2930 607 2996 Nam
633 2927 743 3000 verba
765 2932 867 3022 Eque
883 2966 933 2980 -
950 2929 1117 3023 antiquae

105 3027 371 3124 conjungenda
404 3044 494 3100 sunt
517 3044 697 3123 tanquam
722 3040 854 3100 causae
887 3044 925 3123 et
951 3023 1113 3110 effectus.

108 3134 222 3202 Tum.-
247 3147 443 3225 praeterea,
458 3128 554 3201 sicut
568 3131 718 3224 passim.
753 3130 976 3224 Saepissime
993 3147 1115 3201 autem

47 3286 51 3299 .
103 3254 191 3301 cum
216 3231 315 3325 apud
331 3235 512 3303 Nostrum
537 3248 618 3301 tum
639 3231 729 3303 alibi
747 3255 816 3326 pro
831 3231 1137 3327 plusquamper.

7 3398 13 3415 ,
101 3330 193 3405 fecti
209 3331 411 3414 substituta
433 3357 453 3406 a
475 3331 638 3405 librariis
655 3330 809 3429 perfecti
826 3333 934 3409 tertia
952 3356 1112 3427 persona

101 3436 252 3505 numeri
275 3433 475 3531 singularis
502 3458 588 3505 cum
609 3437 767 3530 copula;
802 3457 872 3505 nec
891 3436 1023 3506 minus
1047 3430 1113 3505 fre·

29 3572 35 3579 ·
102 3558 222 3631 quens
248 3554 329 3608 a'et
352 3562 377 3607 u
404 3535 614 3609 litterarum
632 3535 837 3625 ,confusio,
874 3535 921 3605 de
940 3560 1016 3633 qua
1036 3532 1112 3606 dixi

101 3635 149 3704 ad
183 3639 307 3711 Plauti
331 3632 418 3709 Mil.
445 3662 500 3710 tt.
553 3637 838 3725 maranata.
885 3660 971 3725 273.
999 3640 1109 3711 lacus

100 3759 187 3826 274.
202 3737 303 3811 orbe.
340 3762 423 3831 275·
447 3739 702 3817 combibitur.
742 3741 960 3839 unagein
1023 3754 1027 3761 '

175 3872 260 3975 378.
277 3858 378 3934 alias.
420 3864 471 3936 Et
486 3862 541 3939 sic
553 3864 676 3939 multi.
720 3860 967 3965 Lagantine,
991 3858 1115 3962 capite·
1156 3882 1159 3889 ·

98 3974 252 4056 etnpa.
642 3987 685 4009 ·-
755 3990 758 3997 ’
1121 3988 1127 4043 ;
