2422 4356
65 174 68 179 .
133 146 207 199 ῃ.
367 198 371 213 Ι
406 117 869 225 Ms'tamorphoseou

175 311 302 398 Quarto
327 318 377 370 est
398 300 565 369 Alcithoea
586 319 619 367 et
644 301 767 387 tradita·
782 322 894 390 poena·
911 288 1064 395 tororum
1101 324 1136 394 ἰς
1174 270 1177 289 Ι

117 396 120 401 ’
245 392 390 463 Codice,
411 411 472 475 pro
492 390 577 453 festo
600 390 676 475 quie
699 393 783 453 mala
807 412 881 453 cura
900 393 1003 460 labor.

38 554 41 559 ¹
132 482 234 545 Hunc
257 478 419 542 colaturae
440 474 568 562 antiqui
588 479 654 540 eibi
675 480 832 559 temporis
850 494 920 541 acta

245 566 402 625 Narrant:
431 576 470 623 ut
489 564 655 633 Thisben,
677 564 830 643 Pyramia,
861 562 1066 646 perdiderim

131 652 355 720 Leucotheam
378 646 568 730 Clitienque
589 663 621 708 et
641 662 683 718 te,
704 666 796 709 tener
817 649 1126 732 Hermaphrodite‚.

246 736 306 805 Et,
328 752 411 817 quae
432 733 603 795 concrevit
623 751 762 815 corpore
799 732 992 797 salmacida.
1063 770 1067 777 ·
1106 754 1171 813 μ’,-

132 824 211 889 Pon
223 821 318 885 Furia
330 834 389 889 est.
404 817 571 890 Athamas,
591 817 711 879 Cadmi
728 816 762 881 fu
802 860 816 899 q
831 821 940 885 victor
952 819 1092 883 Atlantis

244 908 392 975 Perseus.
412 902 639 976 Andromede,
663 924 835 988 morsque,
857 904 1009 979 Medusa,
1030 919 1095 993 tua.
1123 924 1126 933 ·
1174 908 1177 915 '

174 1134 298 1203 Reddit
318 1126 514 1194 Abantiades
532 1149 609 1192 cum
629 1130 762 1195 Pallade
782 1132 906 1196 Phinea
929 1150 1063 1201 cautem
1154 1136 1160 1143 ’

133 1224 137 1229 “
246 1213 391 1303 Quinto,
412 1235 476 1278 nec
495 1218 593 1279 sociis
615 1220 756 1299 parcitur
776 1220 960 1283 indomitis.

131 1309 266 1393 Jamque
286 1305 326 1366 ad
347 1306 518 1366 Musarum
537 1304 630 1364 sedes
651 1305 802 1366 Tritonia
824 1304 947 1376 tendit,'
1104 1328 1135 1389 35

245 1392 404 1452 Miratura
423 1408 543 1459 novas,
564 1408 644 1474 quas
666 1390 751 1472 pede
774 1389 879 1460 fudit,
902 1384 1006 1473 aqu'aa
1145 1406 1151 1418 ’

130 1482 283 1565 Pegasus.
309 1473 1118 1560 Huicatudiumqueprobantdganippideaalutae·¹

245 1563 393 1644 Moxque
416 1560 601 1638 Pyrendum
622 1559 859 1644 Pieridumque
881 1562 973 1625 nefas
1012 1580 1017 1587 ’

55 1720 61 1729 ,
131 1652 174 1731 Et
196 1649 349 1714 Cererem
370 1659 525 1716 content,
545 1645 770 1729 Arethusaque
791 1644 927 1709 fonamt
945 1640 1099 1721 ametur,¹

241 1730 647 1818 Persephoneque’modia
670 1732 747 1817 quie
767 1731 952 1796 Acheronta
973 1750 1075 1821 regat.
1101 1752 1139 1815 40

63 1942 101 2049 ⁵,
171 1965 307 2028 Sextum
329 1950 497 2022 exorditur
517 1959 662 2040 speciem
686 1971 810 2020 mutata
832 1958 996 2037 Minerva,

243 2048 290 2110 Oa
312 2061 351 2109 ut
374 2045 580 2107 Arachneur'n
600 2048 755 2128 plecteret
778 2044 1010 2127 immodicum

128 2136 183 2200 Fit
202 2135 310 2197 Niobe
332 2150 463 2202 saxum,
486 2129 571 2192 fiunt
594 2132 731 2214 agrestia
754 2149 853 2191 ranae

242 2222 398 2303 Agmina3
419 2231 451 2278 te
472 2214 610 2296 Lycius,
635 2218 760 2295 Marsya
785 2221 894 2287 v'ane,
913 2218 1012 2305 ligat3

127 2308 170 2373 At
194 2307 319 2368 Terens
342 2305 458 2367 volitat
480 2303 908 2386 Paritlioniaequeeoreree,
1101 2332 1137 2395 45

243 2394 390 2474 Quarum
415 2384 484 2450 abit
504 2389 545 2449 ad
569 2390 679 2473 plures
703 2389 802 2450 orbus
823 2391 864 2450 ah
887 2389 939 2452 his
960 2397 1100 2476 genitor.
1122 2458 1128 2467 ,

128 2477 282 2560 Denique
302 2493 379 2536 cum
402 2473 527 2552 Minyis
552 2477 636 2558 petit
656 2492 753 2534 aurea
776 2473 868 2535 fortis
891 2475 985 2542 lason

237 2561 376 2631 Vellera,
396 2555 553 2621 Phrixeae
571 2557 656 2619 dona
678 2560 770 2622 beata
791 2557 921 2633 manda.¹
1027 2634 1030 2647 Ι

42 2864 45 2871 Ι
170 2793 239 2883 Qui
259 2788 416 2872 sequitur,
437 2787 524 2851 libro
548 2781 726 2849 Aesonides
749 2803 807 2869 per
828 2784 951 2851 Colcha
970 2778 1098 2855 vehem

106 2880 109 2887 '
153 2925 156 2930 .
241 2877 327 2940 Cum
349 2888 439 2959 patre
459 2874 630 2942 convivit,
651 2891 739 2934 mora
756 2873 932 2959 Peliaeque
957 2875 1060 2943 datur.
1099 2896 1136 2957 50

125 2966 278 3035 Medeam
301 2960 394 3025 ducit
412 2957 586 3045 profugam
611 2958 695 3019 male
718 2957 867 3021 credulus
890 2964 1027 3047 Aegeus.
1136 2978 1141 2985 '

238 3050 360 3111 Contra
380 3050 535 3119 Dictaeos
554 3046 677 3105 Aeacus
699 3040 779 3125 huic
800 3044 922 3115 socius.
956 3108 959 3113 ,

10 3196 13 3207 .
124 3136 305 3204 Diralues
335 3135 391 3197 cui
419 3128 618 3197 comminuit
641 3129 850 3215 pecudesque
874 3129 1051 3217 virosque3
1135 3164 1137 3171 ⁴

10 3294 14 3303 Ι
88 3262 92 3281 .
239 3216 379 3302 Unique
398 3233 447 3281 eet
467 3217 643 3301 Cephalus,
666 3216 828 3278 Procridia
848 3216 1095 3290 beatissumae,

10 3326 15 3353 ¹
123 3303 251 3372 Mutati
270 3322 406 3369 uxorem
433 3305 494 3389 qui
518 3303 655 3384 turpiter
677 3295 747 3382 ipse
769 3298 870 3387 figuti
1098 3317 1132 3380 55

238 3389 418 3478 Decipiens
439 3409 556 3452 vecors
580 3388 686 3452 noluit
706 3406 778 3449 eoae
802 3389 951 3473 probam.

48 3628 52 3635 ¹
116 3674 127 3693 ν
165 3642 293 3705 Octavo
317 3639 421 3718 Scylla
449 3638 484 3697 in
507 3632 589 3698 cirin
613 3637 697 3702 mala
722 3637 970 3711 vertitamorer

89 3750 92 3757 ·
125 3754 128 3759 ·
235 3725 324 3788 Dein
344 3722 504 3787 Ariadneo
528 3725 669 3784 stamine
689 3743 757 3784 non
778 3726 899 3785 merito

120 3811 270 3878 Theseus
293 3825 456 3882 servatum
479 3811 624 3892 nympha
647 3823 679 3871 at
699 3802 1023 3893 periissetflacch‘us

233 3898 279 3963 Ni
299 3896 395 3964 foret.
423 3897 581 3961 'Icarium
600 3894 637 3961 fit
655 3915 764 3972 maret
784 3898 1016 3980 intrateper
1059 3958 1063 3963 ,
1093 3891 1131 3955 ts

196 3990 201 4017 i
386 3990 389 3996 “
842 3996 846 4003 ,
921 3996 923 4001 ,
