2422 4356
169 256 177 265 -
216 196 535 280 suubrtr'touts.
587 196 688 291 ΧΗ,
719 174 971 301 255-316.
1038 230 1111 305 123

181 390 268 481 2455.
282 391 424 466 balates
446 391 601 482 dejecto.
654 400 766 466 Recte
787 398 879 468 Mss.
901 416 984 470 sex:
1011 403 1115 474 Pela·

99 510 169 566 tes.
192 536 195 543 ·
223 494 735 589 Similiterin'sequentibus,
752 496 898 591 partim
920 496 1038 573 libros
1059 528 1116 595 se-

100 614 232 683 cutus,
257 594 456 690 partimde
475 618 581 687 meo,
606 600 668 671 vel
687 598 728 668 in
749 598 830 693 ipso
852 594 986 672 ordine
1006 627 1115 698 repo·

101 698 180 783 sui,
208 698 290 783 vel,
316 700 382 768 ubi
399 697 554 789 dubium
575 719 781 793 supererat,
806 700 1009 797 legendum
1032 730 1113 779 esse

99 798 268 871 innotis
284 797 462 889 subjectis
479 798 686 887 conjectavi
704 803 895 897 Elo'psquo
913 824 1016 894 334„
1039 808 1117 899 Ly?

101 900 225 975 coden
250 921 333 991 350.
346 956 354 985 ‚
369 903 503 992 ,Hylen
522 917 623 989 378„
650 903 857 998 Iphinoum
877 927 958 995 379.
970 961 980 995 ,
1009 912 1114 1000 Pyri-

98 1018 159 1073 tne
179 1022 291 1093 449„
320 1000 554 1099 Erigdupum
574 1028 678 1094 453„
715 1005 854 1077 Cimoli
874 1030 980 1096 454..
1009 1012 1114 1081 Heli-

81 1126 284 1199 ·mumque
303 1126 408 1195 459.,
434 1103 595 1196 denique
607 1112 810 1195 Pyretmon
824 1112 929 1195 460„
948 1134 1017 1205 pro
1031 1113 1114 1207 qui·
1154 1160 1159 1181 .

82 1204 169 1279 ,bus
186 1206 308 1301 vulgo
327 1206 466 1301 legitur
482 1207 699 1307 Helopsque
708 1262 723 1302 ,ἱ
753 1215 943 1300 Lycotan‚
968 1214 1110 1303 Hylen,

96 1331 194 1401 quae
212 1303 376 1379 feminae
394 1328 547 1393 nomen,
572 1307 821 1401 Hipbinoum‚
842 1311 976 1401 Pyreti‚
994 1320 1114 1413 Eryg-
1197 1378 1200 1385 .

97 1408 258 1503 dapum,
285 1408 442 1500 Cymeli,
466 1409 747 1504 Helimumque,
771 1416 997 1501 Pyracmon:
1021 1421 1112 1510 quie

93 1532 228 1607 graece
251 1510 342 1579 haec
365 1509 465 1580 haud
482 1510 595 1580 dubie
612 1510 762 1596 omnia,
784 1529 821 1581 et
836 1534 964 1607 graece
981 1516 1112 1591 dicun·

90 1606 169 1687 tur
184 1607 380 1703 πελάτης,
414 1606 542 1707 ἔλοψ,
563 1602 752 1705 bordiers.
775 1606 931 1702 ‘astate
955 1608 1112 1721 Ἰφίνοος,

89 1711 271 1817 πυρίτης,
313 1702 547 1815 ἐρίγδουπος.
574 1713 772 1810 libanites,
809 1711 945 1804 ἕλινος,
977 1726 1053 1823 πῦρ
1074 1742 1113 1794 et

91 1810 238 1913 cleptim
264 1840 476 1912 quanquam
495 1841 566 1909 pro
581 1816 852 1913 Helimumque
866 1821 979 1891 scribi
996 1827 1111 1896 etiam

92 1935 227 2013 potest
256 1920 509 2014 Elymumque
534 1917 579 1987 ab
604 1918 762 2013 ἔλυμος,
803 1937 846 1989 ut
868 1922 893 1990 h
915 1946 1109 2016 perperam

95 2020 270 2091 additum
289 2019 537 2105 existimetur,
564 2017 663 2090 siout
678 2023 717 2093 in
731 2021 953 2094 nominibus
968 2028 1113 2120 Helops
1205 2047 1207 2051 ·

90 2126 135 2193 'et
155 2121 397 2213 Hiphinous3
427 2144 498 2216 qua
529 2121 574 2190 de
598 2145 637 2190 re
660 2120 738 2191 vid.
764 2121 810 2191 ad
829 2146 959 2214 ψῃ.
1012 2132 1111 2199 Nam

96 2228 310 2313 Pyracmon
335 2246 420 2292 casu
439 2238 541 2292 recto
563 2221 656 2308 dici,
683 2223 761 2294 scio
785 2249 870 2293 cum
889 2225 1049 2301 Heinsio
1063 2230 1113 2303 ad

104 2348 182 2413 14,
208 2340 316 2412 484a3
345 2339 477 2418 quarto
496 2318 581 2406 vix',
605 2340 642 2393 et
654 2347 702 2395 ne
717 2325 783 2393 vix
802 2326 972 2421 quidem,
995 2331 1112 2425 recipi
1171 2420 1181 2429 ,

97 2450 213 2521 posse
237 2425 405 2496 arbitror.
471 2425 543 2496 Sed
570 2427 660 2495 baec
688 2426 886 2513 hactenus,
910 2430 1112 2525 inquibus

95 2528 363 2624 similibusque
391 2528 464 2597 hoc
483 2529 524 2597 in
546 2550 658 2620 opere
682 2529 822 2622 passim
851 2530 975 2602 obviis
998 2532 1113 2605 libra·

94 2624 266 2712 rior-tim,
303 2647 499 2723 utramque
521 2653 628 2723 saepe
654 2629 827 2726 linguam
848 2633 1112 2721 nescientium,

93 2732 206 2802 nulla
222 2748 277 2802 est
290 2730 386 2801 mtio
404 2729 582 2801 habende.
620 2736 703 2820 256.
720 2731 863 2805 mixtos
881 2754 1111 2826 sptuuantes.

97 2858 187 2925 259.
208 2838 282 2903 Cur
300 2856 413 2905 nunc.
456 2839 539 2920 264.
561 2834 820 2905 reluctantem.
851 2840 952 2925 ΔΜ.
971 2842 1014 2933 Q.
1031 2860 1113 2910 sus·

93 2957 211 3031 pensa
230 2934 340 3027 pinu.

173 3045 257 3116 268.
277 3034 434 3106 hich.
451 3035 608 3108 lumina.
645 3060 728 3124 27¹·
743 3036 904 3108 methus.
939 3040 1115 3127 272.l?ri·

92 3137 251 3209 mitium
269 3176 318 3191 —-
332 3139 487 3207 toeraxi.
526 3147 610 3230 296.
624 3144 769 3235 Dryas,
795 3162 878 3228 302.
894 3138 1113 3236 licidasque.

97 3262 184 3333 305.
200 3257 329 3323 tuno..
364 3263 447 3328 309.
469 3242 579 3311 ictus.
625 3239 1111 3328 gundomum-Cenaeo.

97 3348 185 3429 316.
205 3341 359 3411 cunctis.
410 3347 511 3411 Bene
534 3344 751 3425 Gronovius
781 3341 990 3416 Obsetvett.
1012 3368 1055 3431 ο,
1078 3370 1112 3434 3.
1143 3340 1146 3345 ’

94 3441 240 3533 junctis
260 3443 379 3530 vinis,
406 3442 503 3512 sicut
521 3443 678 3530 Statius,
704 3444 801 3515 dixit
819 3444 909 3517 silv.
922 3470 953 3532 ι,
966 3468 998 3536 ς,
1015 3471 1081 3523 10:

197 3550 341 3641 Junge,
379 3567 491 3639 puer,
541 3547 718 3635 cyathos,
766 3568 808 3618 ac
839 3570 888 3618 ne
919 3571 1116 3621 numerare

243 3712 246 3717 ,
668 3648 815 3719 labora.
850 3702 855 3719 .

93 3770 188 3819 nem
213 3746 267 3818 sio
289 3744 491 3842 legendum
516 3747 571 3817 ibi
598 3746 779 3835 arbitror,
816 3770 887 3820 nec
906 3752 970 3824 vel
992 3751 1115 3823 libros

92 3834 276 3947 vulgatos
291 3848 435 3943 probo,
452 3849 644 3944 inquibus
658 3868 713 3924 est
728 3857 760 3930 J.
774 3877 810 3945 p.
824 3872 874 3938 c.‚
902 3869 1013 3947 etque
1029 3878 1119 3923 enu-
1182 3922 1185 3927 .

96 3972 243 4045 merere
265 3952 312 4025 l..
331 3966 446 4023 ‘tecto
464 3952 570 4045 enim
586 3952 855 4036 Marklandusr
889 3954 1034 4042 “Oui,²’
1063 3954 1120 4027 in·
