2422 4356
275 270 278 275 .
302 205 620 275 insecutionis.
665 184 790 275 -vlll,
816 134 937 284 7o5.‘
1067 190 1120 275 tt

94 374 265 477 legenda
281 404 361 454 esse
376 381 573 454 contendit
587 383 646 456 vir
660 381 912 453 doctissimus.
963 379 1014 448 At
1029 394 1120 445 veto
1142 410 1146 416 ·

95 500 364 577 praeposterus
387 485 447 557 hic
468 485 585 568 ordo,
616 502 658 553 ut
679 508 757 578 quo
783 504 965 579 cogamur
987 501 1006 544 a
1029 493 1120 547 stre·

94 580 294 671 ininibus,
316 587 393 657 h.e.
417 586 544 681 alteo,
570 609 646 679 quo
663 585 828 658 instrata-
841 599 918 655 erat
935 603 1016 653 case
1035 575 1118 647 Phi·

93 682 287 770 demonis,
313 687 504 774 intectam
525 686 733 780 despicere,
760 711 854 758 mox
872 684 958 756 visu
977 678 1116 752 reflexo

96 784 342 875 considerare
356 785 474 872 fores,
503 788 665 883 denique
679 812 807 859 rursus
827 784 968 857 intueri
990 796 1116 852 aurata
1189 852 1192 857 ,

95 904 219 972 tecte,
252 911 339 958 cum
371 890 411 959 in
437 890 602 985 vulgatis
631 891 714 962 istis
743 889 869 961 omnia
890 901 988 958 recte
1013 879 1119 954 aliud

95 1014 145 1063 cx
174 988 254 1059 alio
281 1009 364 1083 apte
392 991 489 1077 sint,
526 991 768 1065 straminibus
790 986 1005 1078 conjunctis
1029 1005 1118 1057 cum
1170 996 1173 1001 '

96 1090 262 1173 auratis,
284 1091 325 1161 in
346 1116 440 1186 quae
456 1116 634 1167 conversa
654 1092 776 1180 fuere,
800 1090 926 1175 tectis,
951 1106 1115 1183 cumque

97 1193 159 1277 his
188 1215 303 1285 porro
331 1212 368 1263 et
393 1190 541 1264 foribus
573 1211 610 1264 et
634 1195 808 1291 cingente
838 1194 993 1264 domum
1018 1206 1118 1259 terte

97 1316 290 1365 mansore
315 1311 495 1366 contecta.
548 1296 608 1366 Sic
632 1294 754 1391 abripi
773 1314 1051 1385 nonnunquam
1076 1310 1118 1360 se
1147 1316 1154 1355 ·.

100 1418 235 1489 passus
251 1412 307 1466 est
318 1394 498 1475 Heinsius
514 1391 701 1467 librorum
715 1420 870 1470 suorum
886 1392 1118 1478 auctorum,

100 1520 199 1593 quae
220 1490 420 1571 auctoritas
438 1521 635 1593 nunquam
650 1486 773 1573 ¹valere
789 1497 899 1569 debet
918 1512 1047 1566 contra
1061 1515 1117 1561 rs·

98 1599 261 1669 tionem.
315 1590 395 1669 Hac'
415 1598 541 1694 itaque
555 1624 628 1671 nos
643 1599 847 1685 stabilitam
863 1591 1118 1669 Berolineusis

98 1723 188 1771 cum
225 1723 346 1793 eoque
379 1702 448 1771 hac
480 1702 519 1771 in
550 1720 654 1794 parte
683 1699 907 1773 facientium·
931 1697 1117 1768 librorum

97 1799 325 1894 scripturam
362 1803 600 1896 postliminio
631 1802 884 1896 recipiendam
916 1799 1116 1886 dttximu33

99 1926 263 1996 cumque
283 1902 484 1998 aliquando
502 1901 809 1998 fodflavescunt,
843 1903 935 1979 viris
961 1900 1118 1997 quibus·

101 2002 188 2075 dam
203 2003 326 2074 doctis
342 2006 615 2091 auscultantes,
640 2006 962 2078 addubitassemus
981 2002 1115 2073 fidem:
1199 2044 1202 2049 -

99 2102 177 2198 jam
203 2103 344 2177 falsum
365 2129 461 2192 esse,
493 2106 597 2201 quod
618 2107 682 2177 isti
699 2125 853 2200 putant,
888 2127 1001 2178 omne
1022 2122 1117 2175 stra·

100 2231 190 2278 men
208 2205 342 2278 flavere
361 2207 565 2303 (siquidem
581 2226 746 2295 aestates
765 2232 838 2304 qua
854 2210 942 2279 haec
955 2204 1035 2276 fieri
1054 2227 1115 2277 co·

102 2306 274 2405 gitanda,
300 2311 407 2381 uiridi
421 2309 604 2381 arundine
618 2311 837 2406 calamoque
855 2310 980 2381 denuo
998 2303 1115 2377 sterni

100 2410 227 2483 solent
243 2408 380 2481 domus
399 2418 597 2508 agrestes),
620 2404 792 2506 recteque
807 2413 924 2509 igitur
943 2410 1116 2482 hocloco

96 2510 296 2584 flavescere
333 2512 408 2583 dici
437 2513 692 2610 intelligentes
723 2531 887 2585 stramen
918 2528 1116 2606 propterea

98 2613 205 2709 quod
219 2611 261 2683 in
285 2614 364 2683 auti
385 2614 542 2685 laminas
560 2624 767 2686 mutaretur
782 2624 886 2705 (nam
899 2612 1017 2688 flavus
1034 2608 1117 2683 auri

99 2715 250 2805 color):
275 2739 323 2795 ne
337 2712 435 2784 illud
450 2715 604 2810 quidem
623 2714 853 2789 vocabulum
870 2716 912 2787 in
932 2712 1117 2809 suspicio·

97 2840 188 2911 nem
212 2815 377 2909 amplius
396 2815 636 2902 adducimus,
659 2842 867 2913 nequepro
889 2839 933 2889 eo
949 2817 1012 2888 vel
1031 2811 1118 2886 sub·

97 2917 320 3001 stituamus,
345 2918 385 2987 id
405 2919 509 3012 quod
526 2915 750 3012 Capoierreo
767 2920 807 2990 in
823 2935 988 2990 mentem
999 2916 1118 2998 venit,

88 3013 323 3121 fuloescuut,
359 3035 489 3113 utpote
519 3020 652 3092 eodem
672 3018 714 3088 id
736 3022 929 3114 pertinens
951 3042 1027 3115 quo
1037 3011 1116 3112 flu⁴

99 3137 276 3202 cescum,-
300 3120 361 3192 vel
381 3119 557 3216 cuiquam
577 3138 746 3192 auctores
761 3120 879 3193 simus
896 3137 940 3189 ut
958 3131 1118 3213 reponet

98 3235 316 3307 canescunt,
340 3222 444 3316 quod
469 3220 546 3292 fuit
569 3246 656 3293 cum
680 3220 871 3294 nobismet
887 3221 982 3319 ipsis
997 3220 1119 3315 place·

97 3341 178 3406 ret)
214 3321 278 3394 sed
304 3339 403 3393 recte
429 3323 518 3399 haec
546 3325 673 3395 omnia
695 3346 734 3394 se
754 3323 908 3408 habere,
940 3337 1054 3417 prout
1071 3317 1115 3390 in

97 3426 240 3522 vulgo,
267 3425 439 3518 quamvis
461 3423 661 3519 despectis,
689 3422 798 3495 libris
817 3424 1001 3522 leguntur
1022 3416 1117 3493 affit-

98 3526 295 3598 marimus.
347 3530 520 3597 ceterum
543 3528 597 3598 sic
616 3541 654 3597 et
672 3523 770 3597 infra
787 3524 1010 3597 hallucinati
1025 3522 1121 3595 ¹sunt
1169 3532 1180 3617 Ἰ

98 3628 248 3711 librarii
264 3651 319 3713 14,
338 3648 396 3715 73.
412 3648 514 3722 sequ.
530 3624 835 3701 etBerolinensis
852 3649 885 3716 ς,
903 3641 986 3713 208.
1032 3638 1121 3718 705.¹
1173 3708 1175 3715 y

82 3727 208 3800 'Talia
225 3738 338 3813 tnnc,
368 3745 412 3799 ut
432 3727 522 3801 item
545 3730 664 3824 vulgo
682 3744 768 3799 ante
784 3725 1006 3817 Heinsium,
1020 3727 1120 3825 'quit
1191 3774 1195 3780 -

100 3835 225 3902 “Cum
235 3837 266 3916 ‚'’
303 3828 448 3926 inquit,
492 3837 515 3870 ‘⁶
526 3853 571 3901 ex
597 3829 767 3924 sctiptis,
802 3847 847 3901 ut
865 3852 973 3926 saepe
994 3829 1121 3901 alibi’·

98 3930 262 4045 'Fateop⁸
280 3954 365 4005 cum
380 3954 491 4026 saepe
502 3931 557 4005 sic
572 3931 669 4031 legi,
681 3929 748 4021 ted
759 3950 958 4031 nunquam
968 3928 1010 4004 id
1020 3952 1122 4027 prae·
