2422 4356
107 201 186 259 102
258 201 576 271 euuorrrrourt.
631 181 710 275 tx.
735 146 995 305 ’μβ-,Μ
1022 128 1046 167 ¹¹

102 370 202 445 dine.
231 376 447 469 749.debet.
482 400 568 469 750.
581 381 624 451 in
637 380 771 454 litura:
797 379 935 475 carpit3
952 376 1107 457 'deindet
1156 389 1168 435 ⁵

103 474 234 567 pascit.
288 479 425 571 Recepi
445 474 565 568 faciat
594 507 640 553 ex
659 480 886 571 Basileenei,
920 480 1108 577 quomodo

104 574 180 669 legi
202 583 442 669 Burmannus
460 601 593 657 mouet
617 582 651 670 1,
668 589 762 673 469:
787 576 896 679 fugat
911 584 1003 669 hoo,
1020 586 1110 679 ⁸[cecil
1155 592 1168 634 l

105 674 204 747 illud
220 703 392 751 errrorem.
431 707 517 776 752.
530 686 665 756 mariti.
700 706 905 777 754-;7·59.
925 685 1110 757 Hieloeur
1156 693 1167 760 F

109 776 164 853 ric
177 779 292 851 'lrabet
311 781 353 852 in
374 788 415 853 B.
438 803 476 855 et
498 786 664 857 editione
688 788 991 863 Burmannierrat

261 921 312 939 -
332 908 421 969 nec,
447 904 491 956 ut
515 888 644 959 omnia
664 885 774 976 liant,

211 986 305 1057 Esse
324 1003 432 1079 potes
450 985 563 1074 felin
595 1007 639 1059 ut
653 989 779 1086 Dique
799 982 1051 1086 hominesque
1070 988 1114 1059 lr·

565 1089 712 1162 borent.
1128 1162 1137 1183 ,

214 1189 329 1258 Nune
354 1213 506 1286 quoque
529 1210 712 1266 votorum
736 1214 821 1287 pare
847 1217 926 1265 una
951 1210 1115 1266 eet-vam
1159 1201 1167 1245 ῐ

307 1308 311 1314 ’
567 1318 760 1367 meorumt
793 1297 812 1383 (
821 1300 862 1364 B.
883 1310 921 1365 et
935 1290 1116 1389 pleriquet
1164 1316 1166 1321 ·

528 1452 532 1461 .
568 1396 648 1468 vot.
662 1397 770 1467 nulla
791 1412 847 1467 eet
863 1418 948 1489 para
963 1419 1042 1466 una
1057 1392 1117 1483 m.)

218 1490 346 1589 Dique
370 1492 467 1566 mihi
488 1493 633 1584 faciles,
660 1496 846 1593 quidquid
865 1497 1019 1571 voluere
1041 1492 1128 1587 (ΒΛΙ

570 1600 761 1688 voluere),
787 1598 982 1669 dederunt.
1080 1660 1099 1689 ,Ι
1135 1598 1139 1607 “

221 1696 408 1793 Quodque
425 1721 508 1795 ego,
533 1701 618 1775 vult
635 1700 795 1796 genitor,
821 1699 907 1773 'vult
923 1704 1005 1792 (B.:
1028 1698 1119 1773 'vult-

571 1809 661 1896 que)
671 1800 764 1894 ipsa,
775 1798 1120 1895 socerquefutururt

219 1902 272 1969 At
282 1924 363 1972 non
375 1902 460 1974 vult
467 1908 620 1989 Natura,
631 1904 824 1997 potentior
836 1901 1018 1975 omnibus
1035 1900 1138 1987 istit,'

223 2004 326 2095 Quae
349 2004 445 2074 mihi
462 2007 542 2077 tola
560 2022 684 2076 nocet.
802 2066 805 2070 .
958 2070 961 2075 .
1098 2018 1107 2027 '

120 2104 224 2176 Haec
246 2127 423 2199 perquam
449 2105 627 2181 obscuras
652 2128 730 2194 esse
754 2102 925 2202 queritur
951 2103 1124 2191 candidus

123 2205 338 2278 Glareanus.
365 2207 545 2281 Heinsius
559 2208 763 2279 adversum
778 2209 884 2277 Nunc
896 2230 1037 2301 quoque
1047 2222 1125 2277 ete-t

121 2305 377 2401 “Legebam,”
400 2308 544 2404 inquit,
567 2308 1009 2404 “aliquandoparsim'ta
1021 2310 1123 2379 nullu

123 2410 238 2479 Nunc
252 2432 469 2501 persuasum
485 2410 604 2481 habeo
619 2411 721 2481 huno
736 2431 822 2479 cum
836 2408 1008 2504 sequenti
1024 2430 1146 2513 verto·

124 2530 206 2607 esse
230 2509 443 2583 tollendos:
482 2512 548 2584 vix
571 2508 673 2582 enim
695 2510 904 2607 intelligas,
943 2509 1038 2607 quid
1065 2506 1128 2582 ribi

32 2623 35 2630 '
124 2607 281 2682 velint.”
332 2617 550 2686 Burmanno
567 2612 657 2708 quid
675 2612 875 2706 placuerit,
897 2611 1036 2706 partim
1051 2634 1130 2703 oon·

125 2707 224 2781 fletis
246 2735 328 2782 non
346 2713 458 2785 unius
474 2713 561 2785 libri
579 2712 826 2799 lectionibus,
850 2712 987 2807 partim
1004 2712 1053 2785 de
1069 2732 1130 2786 suo

127 2811 236 2898 dare,
263 2814 381 2887 vides.
433 2816 544 2912 Quod
562 2832 689 2887 tamen
706 2838 829 2909 neque
843 2816 975 2907 ipsum
986 2810 1131 2910 probari

125 2929 271 3007 potest,
296 2916 396 2986 utin
416 2942 493 3012 quo
515 2917 663 3011 singula
683 2940 762 2987 non
776 2915 912 2986 melius
933 2916 1133 3011 exscepta

128 3014 206 3084 sint
230 3039 345 3109 quam
368 3017 410 3089 in
438 3018 521 3090 aliis
550 3009 791 3089 editionibus.
854 3014 1007 3091 Fefellit
1039 3012 1162 3099 viror!

128 3114 388 3203 doctissimos,
432 3119 535 3214 quod
559 3142 641 3189 non
669 3117 1027 3205 animadverterent,
1062 3114 1162 3191 morl

128 3233 212 3287 tum
242 3243 313 3290 suo
340 3222 425 3292 loeo
459 3245 538 3293 esse
565 3243 716 3292 versum
750 3223 856 3291 Nunc
889 3243 1031 3317 quoque
1053 3200 1161 3297 etmel

129 3342 219 3387 nam
241 3321 316 3391 hoc
334 3321 387 3391 rei
408 3339 519 3415 caput
535 3339 609 3407 eet,
630 3319 826 3415 ‚siquidem
844 3328 895 3391 'eo
917 3322 1032 3392 versu
1060 3316 1136 3394 sede
1159 3328 1161 3407 ξ

131 3420 282 3513 propria
306 3423 490 3516 reposito,
520 3424 621 3493 ultro
645 3439 813 3516 apparet,
839 3421 912 3492 ista
926 3424 1047 3517 Dique
1059 3418 1137 3493 milri

131 3557 183 3574 ·-
197 3522 357 3593 omnibus
372 3526 448 3594 istis
459 3519 934 3627 eruperedwsacoipienda
947 3546 1049 3606 eete3
1071 3541 1138 3620 quo

133 3616 235 3691 facto
264 3638 340 3694 tam
364 3627 598 3719 perspicuue
613 3623 675 3695 hie
697 3625 804 3695 locus
830 3640 907 3708 est,
943 3648 1060 3719 quam
1082 3620 1141 3721 qui

133 3722 308 3796 maxime.
360 3730 410 3795 Et
430 3727 481 3797 ita
497 3725 651 3822 quidem
667 3725 758 3795 haec
775 3724 816 3797 in
834 3742 964 3797 nostra
983 3725 1141 3805 editione

128 3824 338 3919 perscripta
363 3844 471 3910 sunt3
505 3828 546 3897 in
573 3850 649 3923 quo
668 3850 803 3913 nemo,
831 3842 874 3896 ut
895 3827 1054 3921 opinor,
1079 3846 1143 3897 noe

136 3925 398 4021 reprehendet,
425 3929 508 4029 qui,
535 3952 649 4027 quam
670 3952 779 4027 saepe
798 3929 868 4003 iate
890 3938 992 4004 error
1009 3936 1144 4003 erratur
