2422 4356
152 144 200 237 56
370 138 686 233 rsiorsrtourr.
734 130 925 235 VI.438.

148 337 191 405 Β.
218 347 255 401 et
276 328 375 402 libri.
442 337 544 431 Quae
570 327 683 433 verba
708 328 889 417 nonnihil
915 324 1155 411 obscuritatis
1198 392 1203 423 ,.

131 433 284 504 ‚habere
315 432 481 526 queritur
506 431 728 518 Glareanus,
765 439 1005 506 Burmannus
1032 454 1157 511 autem
1201 446 1203 467 '

33 524 39 537 '
150 534 204 606 sic
222 533 373 624 accipit,
400 550 443 602 ut
462 532 654 629 ignorasse
677 534 821 605 dicatur
838 539 983 606 Procne
997 560 1022 620 ,·
1041 558 1156 633 quam
1189 554 1203 599 -²

42 682 49 695 ι,
150 633 287 727 inutile
311 632 383 705 sibi
410 652 504 707 esset
527 634 667 707 sororis
693 635 739 705 ad
759 659 799 707 se
816 635 1059 711 adventuma
1083 662 1158 713 ms·

149 737 224 809 rito
239 737 442 831 impetrare.
495 733 623 811 Refert
642 737 759 833 igitur
777 736 1046 830 adsequentia,
1071 747 1157 836 poi·

149 855 301 935 tamque
318 854 485 931 'novam¹
504 838 755 910 narrationem
784 835 830 907 de
854 834 1069 925 Philomela
1098 841 1155 913 his
1178 852 1203 938 ‚¹

78 961 99 978 ·’
149 938 273 1014 verbis
297 939 415 1011 ordiri
436 935 642 1012 arbitratur.
696 939 921 1035 Quo-modo
944 937 1080 1024 inferri
1102 967 1159 1015 so·
1200 942 1203 953 '

149 1040 227 1111 lere
245 1037 465 1128 hujusmodi
487 1040 846 1114 sententias‘vellenr
872 1043 1055 1135 exemplis
1075 1068 1158 1144 pro·

77 1147 86 1170 ⁸
137 1138 274 1213 ‘basset
298 1143 356 1217 vir
384 1141 666 1216 celeberrimus:
687 1153 796 1212 'nam
823 1165 896 1216 nos
921 1143 1077 1238 quidem
1107 1145 1160 1219 sio
1201 1138 1203 1149 ’

105 1243 292 1338 *positas
314 1267 373 1314 eas
399 1267 586 1338 nusquam
606 1242 843 1328 invenimus,
865 1240 937 1316 ¹sed
958 1245 1021 1317 vel
1039 1246 1084 1319 in
1100 1265 1159 1320 ex·

149 1345 279 1417 tremis
297 1338 534 1417 orationibus
546 1363 740 1440 usurpatas
756 1345 928 1442 legimus,
950 1347 1013 1418 vel
1027 1347 1160 1441 primis
1179 1382 1182 1387 ·

53 1492 56 1499 ·
150 1443 308 1520 insertas
356 1445 630 1554 παρεγθέῑως,
692 1446 797 1547 quod
837 1446 984 1520 eodem>
1008 1449 1159 1539 recidit.

154 1570 322 1645 14„150:
1013 1550 1031 1601 ²³
1089 1582 1092 1589 ·

304 1649 477 1723 Phoebus
501 1672 652 1753 quoque
672 1645 831 1722 forsitan
850 1646 931 1745 ipse

252 1753 321 1825 Vel
343 1776 424 1824 non
442 1769 640 1849 agnoscet,
661 1753 725 1825 vel
742 1750 918 1825 dilexisse
933 1751 1112 1850 negabit:

152 1946 154 1951 Ι
256 1856 374 1949 Usque
393 1855 484 1927 odeo
501 1869 648 1925 mutata
667 1848 776 1923 ferar.

100 1995 115 2048 ·.
150 1949 229 2026 lue.
258 1970 337 2026 tam
364 1955 426 2027 vel
455 1971 647 2053 tantopere
670 1971 813 2027 mutata
831 1950 940 2027 ferar.
976 1954 1167 2054 Virgilius

56 2124 58 2129 .
120 2056 432 2155 .Eclog5r,1rr
551 2056 579 2081 ”
649 2064 652 2069 “

133 2240 135 2245 ,
250 2164 341 2265 Non
358 2159 532 2258 equidem
547 2155 724 2247 invideo,
747 2156 866 2230 miror
885 2155 1026 2256 magis:
1052 2156 1163 2235 undi-

546 2264 549 2285 ¹
666 2334 670 2347 ,
716 2284 789 2354 que
813 2258 904 2333 totis

256 2364 377 2458 Usque
393 2363 485 2433 ariao
501 2359 672 2440 turbatur
690 2361 799 2460 agris·
829 2442 831 2447 ,

152 2465 298 2537 Rursus
314 2469 450 2535 Noster
464 2486 497 2552 γ,
508 2485 603 2553 4532

253 2569 333 2639 Neo
359 2581 486 2637 tamen
515 2567 648 2663 (usque
675 2563 768 2637 odeo
794 2562 896 2636 nulii
927 2561 1073 2638 sincera
1100 2587 1166 2640 vo·

322 2748 325 2753 ,
619 2707 622 2713 “
716 2666 861 2758 Lumo

135 2802 139 2809 ·
220 2689 1167 2866 ,Solliciti-questiqueresuspirterveniruegeus·

145 2882 147 2891 '
193 2888 205 2907 ⁵
257 2869 398 2943 Gaudia
424 2869 588 2965 percepit
611 2885 702 2941 nato
729 2892 857 2944 sectua
882 2878 1064 2962 receptu

155 2962 222 3051 ribi
237 2971 357 3077 prima
380 2972 532 3068 quidem
551 2969 723 3044 oratione
739 2970 863 3065 posita
885 2993 951 3062 per
971 2970 1169 3063 parenthe-

24 3158 27 3165 .
154 3072 216 3143 sin
227 3071 342 3175 ¹verba
365 3066 582 3169 usqueadeo
602 3110 653 3130 --
670 3071 862 3145 intervenit
890 3069 938 3141 ad
962 3087 1169 3145 extremam

71 3179 79 3186 ’
154 3172 207 3245 ita
239 3174 448 3271 pertinent,
491 3191 533 3246 ut
561 3175 635 3247 toti
659 3170 721 3247 illi
749 3171 956 3255 sententiaa
984 3171 1170 3270 subjungi

155 3292 255 3346 recte
269 3277 437 3370 possint,
463 3274 742 3373 praeponinon
757 3273 917 3366 possint.
970 3272 1032 3348 Sis
1050 3273 1171 3372 igitur

159 3376 269 3447 etiam
301 3379 370 3446 hoo
393 3379 478 3451 loco
505 3376 576 3453 ists
593 3383 722 3475 Usque
739 3376 832 3451 adeo
848 3377 940 3446 latet
960 3375 1107 3448 utilitas
1124 3373 1172 3447 do

94 3500 101 3508 ·
157 3491 235 3549 tota
259 3477 324 3549 illa
345 3496 522 3585 resgesta,
558 3503 673 3575 quam
694 3476 810 3550 modo
832 3475 999 3551 narravit
1018 3483 1171 3562 Noster,

83 3670 84 3677 ἵ
156 3600 238 3649 non
254 3603 366 3673 quarn
382 3598 596 3655 narraturus
609 3597 689 3666 est,
715 3579 814 3651 dieta
828 3577 989 3672 accipio,
1010 3595 1054 3648 ut
1070 3579 1119 3650 iis
1134 3593 1173 3650 et

157 3679 360 3751 eonsilium
390 3697 542 3754 notetur
567 3680 773 3764 Pandionis
802 3678 848 3753 de
874 3677 952 3754 filia
978 3677 1061 3777 regi
1091 3679 1173 3750 bar·

156 3777 249 3852 baro
271 3781 311 3855 in
329 3779 620 3863 matrimonium
639 3780 782 3870 danda,
809 3781 1017 3879 gaudiaque
1035 3781 1082 3852 de
1097 3783 1174 3853 hoo

159 3881 352 3987 sonnubio
380 3882 537 3984 filioque
563 3900 654 3961 nato
674 3901 712 3960 et
732 3883 906 3981 ipsorum
934 3901 971 3959 et
992 3882 1173 3961 Threciae
