2438 4350
185 180 187 185 Α
252 213 617 281 ιιιοιιιιοιιι.
645 186 714 281 ΙΙ,
736 212 830 286 301.
1023 216 1097 293 ιι·

54 389 173 491 quam
189 326 394 486 lectionem
406 384 564 457 minime
579 356 841 479 spernendam
849 384 960 475 duco,
986 409 1075 463 eum

61 513 99 571 et
123 493 275 590 elegans
300 489 349 562 sit
371 506 408 560 et
432 512 494 575 ea,
528 509 607 589 per
619 511 740 582 quam
755 503 885 561 versus
908 488 1076 606 pomeri,

48 598 216 694 vulgato
235 597 385 664 Cessent
403 570 652 687 aliquantum
660 589 845 681 depressi,
869 590 1073 689 eriganturr

56 698 122 773 Sic
141 714 180 767 et
195 701 327 767 Horat.
349 697 420 786 Ep
436 704 561 781 1',4,7
585 692 769 763 dederant
782 693 980 781 servarim,
1007 716 1074 769 ne

57 824 133 896 que
152 805 185 879 J
205 792 384 907 Liuineio
404 791 592 868 assentior
615 793 853 865 condiderunt
873 797 1098 888 reponenti.

54 909 225 994 Propert
242 921 275 986 ι,
299 902 356 983 ιο,
375 904 443 986 65,
473 914 509 967 et
533 896 742 980 exciderunt
762 893 855 969 ibid
866 919 901 985 4,
918 921 955 986 ⁴1,
973 920 1015 989 15
1038 917 1077 973 et

57 1009 150 1076 Stat
168 999 285 1072 Theb.
301 1013 453 1099 mor.
481 998 553 1068 Sed
570 997 913 1094 hooquidemloco
933 998 1078 1096 frigida
1168 1038 1192 1061 ι.

54 1105 130 1178 ista
147 1103 265 1188 ratio,
290 1118 335 1172 ut
356 1098 636 1177 rescribendum
655 1100 785 1194 potius
803 1101 1077 1191 ι,ιιίιιΙιιιιιιι·Ι

97 1204 317 1277 Dixerat
342 1203 433 1276 haeo
462 1201 615 1291 Tellus,
659 1226 773 1299 raeque
800 1203 882 1294 jam
915 1204 1079 1277 tolerare

266 1352 270 1359 ·
404 1314 472 1355 ⁸*
632 1310 922 1398 -'vaporem
1047 1319 1081 1351 '·
1182 1310 1185 1317 '

156 1407 326 1481 Ulterius
347 1405 487 1503 potuit
927 1438 929 1443 Δ
985 1400 988 1407 “

59 1514 284 1607 θιιῙιιιιιιι
460 1578 463 1584 .

160 1616 211 1683 Et
222 1631 344 1709 mque
354 1610 435 1702 iem
456 1607 597 1684 cineres
617 1607 885 1706 eiectatamque
902 1576 1087 1711 favillamg

40 1770 42 1789 .
157 1717 268 1791 Ferre
286 1727 412 1815 potest
427 1728 497 1785 etc
985 1784 988 1801 ,
1057 1774 1061 1797 ,

56 1818 249 1906 asa:-
629 1870 632 1877 ·
773 1832 781 1855 ·

128 1921 239 1987 Neo
268 1931 401 2029 monet
430 1910 614 2004 ulterius,
664 1937 728 1987 nec
755 1914 839 2011 jam
871 1912 1084 1993 certamine.

371 2086 374 2101 ,
741 2013 877 2093 differt.

56 2117 154 2193 lbid.
179 2123 272 2208 366:

127 2240 130 2247 '
158 2218 322 2292 Distulit
338 2217 393 2290 ira
412 2218 534 2291 sitim:
561 2244 672 2316 neque
686 2219 969 2316 enimjomfilia
984 2219 1075 2295 Coei

158 2321 557 2419 Supplicatindignis.
648 2358 655 2368 -

56 2428 190 2519 Neque
218 2425 325 2496 aliter
350 2423 554 2521 legendum
577 2445 613 2515 4,
635 2428 729 2518 609,
766 2449 843 2523 quo
868 2428 955 2500 loeo
977 2426 1097 2500 item'

54 2526 189 2623 putide
207 2527 382 2624 vulgatae
401 2523 505 2596 edel:

225 2666 276 2683 -
301 2664 352 2691 .—
377 2650 570 2723 genuaque

74 2746 77 2753 '
161 2733 252 2803 Non
276 2736 384 2824 putet
409 2753 489 2802 esse
511 2729 640 2809 Jovis.
681 2722 804 2828 neque
833 2730 937 2803 enim
965 2732 1084 2815 ζΙοιΙι1

68 2906 73 2911 .
327 2887 330 2891 -
742 2856 822 2906 esse
840 2833 998 2928 putabet

159 2900 301 3004 Persea.
368 2945 372 2949 '
843 2970 845 2979 <

55 3058 146 3106 nam
167 3034 295 3107 minus
316 3033 458 3128 placet,
486 3032 589 3129 quod
611 3033 796 3122 Heinsio,
829 3037 891 3108 sed
904 3063 972 3110 nec
993 3037 1075 3127 (vel
1166 3110 1168 3115 .

54 3162 140 3209 nom
159 3146 239 3223 nee)
258 3135 415 3227 Jovise.
431 3160 467 3229 p.
484 3140 545 3223 P.,
576 3154 707 3230 utpote
727 3162 746 3208 a
767 3137 949 3231 scriptura
971 3140 1073 3211 oodi
1181 3195 1184 3202 ,

56 3261 143 3309 cum
163 3237 319 3335 longius
333 3239 527 3320 recedens,
553 3237 614 3308 oui
629 3238 662 3308 si
682 3239 767 3333 quis
781 3239 940 3334 propius
959 3241 1074 3312 etiam

55 3337 241 3411 hocloco
258 3339 416 3436 aliquid
445 3338 700 3436 quaerendum
717 3357 846 3435 putet,
880 3342 917 3467 ei
944 3360 1075 3431 auctor
1196 3344 1198 3348 ’

57 3441 129 3512 tim
150 3459 197 3511 ut
216 3443 335 3538 legat:
1199 3524 1203 3529 ,

157 3544 316 3615 Dixerat
345 3542 436 3672 haec
461 3541 612 3638 Tellus,
656 3568 780 3641 neque
806 3543 889 3617 vim
915 3518 1075 3635 tolerare

110 3664 113 3671 ·
620 3709 622 3716 ,
738 3669 940 3778 vaporum

155 3744 324 3818 Ulterius
345 3734 483 3839 potuit
663 3745 666 3749 ’

58 3849 250 3941 quomodo
272 3852 413 3920 Noster
439 3864 498 3935 ιι,
513 3851 609 3935 631:
643 3869 768 3944 neque
791 3849 895 3921 enim
916 3850 1075 3923 ulterius

59 3951 216 4029 tolerare
244 3952 391 4049 vaporis
417 3953 493 4023 vim
506 3966 685 4046 poterat,
720 3968 757 4023 et
774 3957 886 4049 aquai
903 3954 984 4030 vim
1002 3959 1088 4024 Lus
