2422 4356
61 246 81 268 ·-
147 230 199 315 93
283 224 600 288 runorarrorus.
658 150 1037 299 IX‚'4·1r'-4'r6.

150 414 223 482 Pro
244 400 397 476 arbitrio
416 394 616 469 Heinsius:
650 391 815 490 ibuntque
833 420 941 491 pares
959 396 996 467 in
1016 398 1151 469 vulnero
1198 442 1206 509 Ρ

142 494 305 613 fratres,
334 501 497 575 lectione
518 495 721 590 uteroquin
744 496 845 565 haud
867 498 988 585 mala,
1021 498 1087 572 sed
1103 520 1153 569 cu·
1198 543 1206 587 s

150 610 213 705 jus
240 630 311 680 nec
337 604 427 679 vola
450 622 522 672 neo
543 621 614 712 nec
631 595 838 694 vestigium
860 608 984 671 'exstet
1006 600 1051 673 in
1070 604 1153 673 Mos.
1199 646 1206 675 ι

154 735 240 805 4¹3·
262 709 345 780 hoc.

199 904 204 919 ,
232 853 316 921 415.
332 825 503 898 Calliroe.
547 828 632 911 416.
651 820 711 895 Sic
727 828 769 893 B.
790 838 827 894 et
847 818 998 894 Ciofani
1015 846 1114 897 unus
1127 836 1156 894 et

61 948 64 955 '
158 932 315 1011 Briantii
322 956 334 1013 3
362 927 426 998 alii
440 927 558 1012 aliter,
572 925 635 997 sed
649 922 768 1018 pejus.
801 922 1003 998 Heinsiusr
1027 930 1157 1023 “Ego’‘
1202 932 1207 991 l

157 1036 303 1132 inquit,
334 1039 516 1102 “versum
536 1051 615 1099 esse
635 1026 804 1119 spurium
822 1026 1039 1099 contendo:
1071 1026 1157 1098 nihil
1203 1052 1207 1095 t

82 1198 88 1217 ,
161 1140 263 1215 enim
280 1133 325 1205 ad
341 1155 419 1203 rem
435 1128 534 1199 iacit.
575 1133 679 1198 Certe
692 1127 735 1197 in
750 1129 874 1221 primo
887 1128 1071 1201 Vaticano
1088 1151 1158 1199 non
1204 1152 1207 1185 ε

121 1294 136 1303 ..
160 1232 418 1331 comparabam
456 1231 499 1301 in
534 1253 612 1300 uno
638 1252 724 1299 meo
753 1228 916 1326 margini
939 1228 1161 1325 adscriptum

162 1335 305 1414 offendi
329 1338 430 1405 hunc
457 1331 585 1426 ipsum
616 1339 800 1403 versum.¹‘
870 1334 1002 1435 Itaque
1033 1330 1170 1421 delevit,

164 1467 249 1515 eum
268 1438 328 1512 vir
346 1432 624 1515 celeberrimus,
656 1452 892 1527 quemmore
912 1455 988 1537 suo¹
1007 1451 1163 1529 sequun-

95 1544 113 1571 ”
163 1560 226 1617 tur
245 1548 483 1612 Burmannus
505 1554 542 1625 et
560 1534 747 1617 editores.¹
784 1540 922 1605 Contra
935 1554 1008 1606 nos
1027 1559 1164 1609 servan·

165 1648 257 1718 dum
279 1644 380 1713 hunc
397 1662 548 1713 versum
573 1635 829 1708 existimamus
852 1660 938 1707 cum
964 1642 1165 1733 propterea,

166 1746 271 1845 quod
288 1744 426 1831 bonam
449 1740 558 1810 habet
575 1738 822 1826 sententiam,
845 1755 887 1808 ut
908 1737 1046 1833 inquo
1067 1764 1165 1813 cause

167 1847 343 1923 reddatur
377 1840 568 1913 tribuendi
597 1846 734 1920 aJove
759 1839 946 1921 muneris;
980 1858 1063 1911 tum
1086 1842 1167 1937 quit
1184 1840 1191 1919 ’,

167 1938 268 2023 nihil
296 1943 538 2039 inelegantis,
584 1941 726 2023 nedum
757 1941 903 2012 barbari
929 1942 1168 2031 velsolodo',

166 2046 346 2149 praefert,
367 2048 560 2140 placetque
576 2043 688 2115 etiam
707 2044 908 2116 verborum
923 2046 1053 2116 ultoris
1069 2063 1108 2117 et
1125 2048 1168 2117 iu·

169 2155 285 2226 ultam
309 2144 586 2241 compositione
612 2169 699 2217 vere
720 2142 903 2217 ovidiana
922 2140 950 2215 *.
1001 2152 1170 2242 Quorum
1189 2196 1196 2235 ·.

76 2295 81 2305 ·
146 2251 342 2328 'omnium
371 2251 404 2321 si
431 2247 793 2342 deprehenderentur
820 2247 862 2317 in
878 2270 881 2277 ’
900 2272 946 2319 eo
980 2250 1170 2333 contrario,

168 2375 253 2427 tum
269 2352 420 2421 demum
439 2349 487 2420 lis
505 2349 539 2417 ei
555 2347 689 2418 merito
713 2346 980 2420 intenderetur.
1034 2351 1098 2421 Sic
1117 2374 1172 2421 au·
1192 2388 1197 2409 ι

168 2475 247 2528 tem
263 2475 370 2544 saepe
384 2474 465 2520 non
481 2465 559 2519 tam
579 2449 715 2542 scripta
737 2449 933 2521 emendare
956 2473 1071 2545 quam
1094 2450 1195 2523 scri·'

170 2575 296 2653 ptores
332 2551 514 2645 corrigere
543 2549 722 2663 Heinsius
759 2549 944 2649 videtur„
976 2552 1174 2625 immemor

170 2653 356 2753 praecepti
371 2647 606 2731 ciceroniani
621 2651 668 2720 de
683 2657 821 2725 Invent
836 2654 929 2725 rhet.
952 2677 982 2738 ι,
997 2678 1064 2727 rot
1091 2678 1175 2727 una·

171 2780 341 2855 quaeque
357 2772 402 2824 eo'c
417 2776 453 2823 se
468 2769 504 2824 et
520 2748 567 2825 eae‘
580 2778 647 2824 sua
658 2770 790 2824 notura
802 2753 1074 2855 consideranda
1092 2778 1174 2829 esse

75 2946 78 2951 Ι
173 2864 294 2959 Quem
320 2853 521 2925 Heinsium
549 2870 592 2924 ut
616 2854 773 2923 maximi
798 2852 919 2927 facere
947 2857 1055 2928 soleo
1084 2858 1176 2928 intra
1208 2886 1210 2899 ·

171 2960 320 3031 criticae
335 2955 518 3045 terminos¹
541 2978 580 3026 se
599 2956 878 3041 continentem,
910 2957 962 3027 ita
983 2958 1057 3029 hoc
1082 2957 1178 3031 et'si·

117 3056 120 3065 '
171 3059 327 3133 milibus
340 3057 455 3145 locis,
479 3055 568 3145 ubi,
592 3081 675 3128 non
696 3080 736 3127 re
750 3057 885 3129 ductus
906 3058 971 3131 sed
985 3058 1177 3155 opinione,
1208 3080 1210 3129 ὲ

176 3196 458 3227 W

235 3264 252 3297 ⁸
277 3261 412 3316 Imitatus
439 3254 557 3312 fortem
580 3270 623 3328 est
641 3254 717 3333 huno
735 3256 833 3316 locum
853 3259 958 3330 Ovidii
976 3262 1124 3321 stodiam·
1139 3262 1179 3320 S·

284 3349 368 3388 neos.
387 3345 453 3384 oum
471 3330 544 3382 dicit
564 3329 641 3384 Med.
655 3344 724 3385 seo:

345 3399 440 3454 vitrix
461 3400 579 3455 inultum
596 3390 711 3455 Graecia
729 3390 785 3455 lroo
803 3402 914 3457 iscium
932 3400 1027 3457 ieret?
1166 3452 1174 3469 ,

286 3472 366 3542 quod
390 3488 450 3523 non
475 3484 534 3524 eret
556 3489 607 3524 cur
624 3472 735 3545 puerile
752 3472 926 3546 polyptoton
946 3475 1098 3529 videretur
1115 3474 1182 3531 Gro-

168 3606 172 3613 ,
285 3542 390 3594 novio:
428 3554 493 3594 nam
522 3545 745 3616 Agamemnonio
778 3547 888 3597 caedem
916 3547 1093 3620 impunitam
1124 3548 1183 3601 lon

284 3611 524 3684 Clytaemnestra
548 3617 650 3667 nutrix
675 3629 756 3690 negat
778 3634 832 3688 pro
855 3629 942 3677 terea,
970 3617 1052 3691 quod
1069 3618 1183 3675 errari·

231 3692 234 3699 ’
283 3684 323 3737 rit
341 3682 448 3742 ultrix,
467 3681 496 3736 h.
511 3702 535 3738 a.
553 3685 656 3758 punire
674 3686 815 3756 ejusmodi
833 3635 959 3742 laomor·
978 3689 1084 3757 solertr
1105 3689 1183 3760 cnjus

283 3754 327 3807 tei
352 3769 549 3829 argumentum
575 3758 734 3810 maximum
760 3771 819 3810 eret
845 3760 938 3829 ipsum
958 3757 1070 3819 bellum
1089 3760 1186 3833 Troiu-

282 3843 364 3881 num.
407 3824 489 3896 Quod
508 3841 536 3879 et
553 3831 654 3886 viotrr'ro
673 3829 745 3889 luit.
771 3829 803 3882 id
825 3827 882 3883 hue
899 3834 1123 3905 norpertinet.
1139 3848 1185 3887 n·

282 3911 338 3968 que
348 3892 511 3950 Flolentini
519 3897 626 3952 oodicis
637 3897 790 3953 lectionem
800 3916 861 3955 erm
866 3914 1032 3963 column
1041 3903 1183 3965 undu.

280 3979 425 4042 quotquot
441 3981 523 4033 runt.
546 3967 691 4029 librorum
708 3965 979 4075 prorutum-3
1085 3996 1101 4039 ·,
1158 3966 1167 3977 ’

871 4052 877 4063 ”
907 4052 1015 4105 [mr
1070 4064 1115 4115 ‚'‚
